local_timestamp,asks[0].price,asks[0].amount,bids[0].price,bids[0].amount,asks[1].price,asks[1].amount,bids[1].price,bids[1].amount,asks[2].price,asks[2].amount,bids[2].price,bids[2].amount,asks[3].price,asks[3].amount,bids[3].price,bids[3].amount,asks[4].price,asks[4].amount,bids[4].price,bids[4].amount
1714348800182912,63100.5,10,63100.0,77030,63102.5,1520,63099.5,2130,63107.0,6040,63098.5,20000,63107.5,15000,63098.0,29000,63109.0,6050,63095.0,12080
1714348800251508,63100.5,530,63100.0,77030,63102.5,1520,63099.5,2130,63107.0,6040,63098.5,20000,63107.5,15000,63098.0,29000,63109.0,6050,63095.0,12080
1714348800269882,63100.5,530,63100.0,77030,63102.5,1520,63099.5,2130,63107.0,6040,63098.5,20000,63109.0,6050,63098.0,29000,63109.5,14030,63095.0,12080
1714348800273418,63100.5,530,63100.0,77030,63102.5,1520,63099.5,2130,63107.0,6040,63098.5,20000,63109.0,6050,63098.0,35300,63109.5,14030,63095.0,12080
1714348800277769,63100.5,530,63100.0,77030,63102.5,1520,63099.5,2130,63108.5,6040,63098.5,20000,63109.0,6050,63098.0,35300,63109.5,14030,63095.0,12080
1714348800346243,63100.5,530,63100.0,77030,63102.5,1520,63099.5,2130,63108.5,6040,63098.5,20000,63109.0,6050,63098.0,35300,63109.5,7980,63095.0,12080
1714348800356453,63100.5,530,63100.0,77030,63102.5,1520,63099.5,2130,63108.5,6040,63098.5,20000,63109.5,14030,63098.0,35300,63110.0,3770,63095.0,12080
1714348800372397,63100.5,530,63100.0,77030,63102.5,1520,63099.5,2130,63108.5,6040,63098.5,20000,63109.5,20080,63098.0,35300,63110.0,3770,63095.0,12080
1714348800430474,63100.5,530,63100.0,77030,63102.5,1520,63099.5,2130,63108.0,6050,63098.5,20000,63108.5,6040,63098.0,35300,63109.5,14030,63095.0,12080
1714348800482497,63100.5,530,63100.0,77030,63102.5,1520,63099.5,2130,63108.0,6050,63098.5,20000,63108.5,12090,63098.0,35300,63109.5,7980,63095.0,12080
1714348800515346,63100.5,530,63100.0,77030,63102.5,1520,63099.5,2130,63108.0,6050,63098.5,20000,63108.5,6050,63098.0,35300,63109.0,6040,63095.0,12080
1714348800521393,63100.5,530,63100.0,77030,63102.5,1520,63099.5,2130,63108.0,6050,63098.5,20000,63109.0,12090,63098.0,35300,63109.5,7980,63095.0,12080
1714348800534591,63100.5,530,63100.0,77030,63102.5,1520,63099.5,2130,63108.0,6050,63098.5,20000,63109.0,12090,63098.0,35300,63109.5,7980,63095.0,16070
1714348800544597,63100.5,530,63100.0,77030,63102.5,1520,63099.5,2130,63108.0,6050,63098.5,20000,63109.0,12090,63098.0,35300,63109.5,3990,63095.0,16070
1714348800544607,63100.5,530,63100.0,77030,63102.5,1520,63099.5,2130,63108.0,6050,63098.5,20000,63109.0,12090,63098.0,35300,63109.5,3990,63095.0,20060
1714348800552068,63100.5,530,63100.0,77030,63102.5,1520,63099.5,2130,63108.0,6050,63098.5,20000,63109.0,12090,63098.0,35300,63110.0,3770,63095.0,20060
1714348800566520,63100.5,530,63100.0,77030,63102.5,1520,63099.5,2130,63109.0,18140,63098.5,20000,63110.0,3770,63098.0,35300,63112.0,10500,63095.0,20060
1714348800582497,63100.5,530,63100.0,77030,63102.5,1520,63099.5,2130,63107.5,6040,63098.5,20000,63109.0,12100,63098.0,35300,63110.0,3770,63095.0,20060
1714348800587463,63100.5,530,63100.0,77030,63102.5,1520,63099.5,2130,63107.5,6040,63098.5,20000,63109.0,6050,63098.0,35300,63109.5,6050,63095.0,20060
1714348800620045,63100.5,530,63100.0,77030,63102.5,1520,63099.5,2130,63107.5,6040,63098.5,20000,63108.0,6050,63098.0,35300,63109.5,6050,63095.0,20060
1714348800662257,63100.5,530,63100.0,39530,63102.5,1520,63099.5,2130,63107.5,6040,63098.5,20000,63108.0,6050,63098.0,35300,63109.5,6050,63095.0,20060
1714348800672319,63100.5,530,63100.0,39540,63102.5,1520,63099.5,2130,63107.5,6040,63098.5,20000,63108.0,6050,63098.0,35300,63109.5,6050,63095.0,20060
1714348800683441,63100.5,530,63100.0,39540,63102.5,1520,63099.5,2130,63107.5,6040,63098.5,20000,63108.0,12100,63098.0,35300,63110.0,3770,63095.0,20060
1714348800688883,63100.5,530,63100.0,39540,63102.5,1520,63099.5,2130,63107.5,6040,63098.5,20000,63108.0,6050,63098.0,35300,63108.5,6050,63095.0,20060
1714348800727471,63100.5,530,63100.0,39540,63102.5,1520,63099.5,2130,63108.0,6050,63098.5,20000,63108.5,12090,63098.0,35300,63110.0,3770,63095.0,20060
1714348800735435,63100.5,530,63100.0,39540,63102.5,1520,63099.5,2130,63108.5,18140,63098.5,20000,63110.0,3770,63098.0,35300,63112.0,10500,63095.0,20060
1714348800748236,63100.5,530,63100.0,39540,63102.5,1520,63099.5,2130,63108.5,12090,63098.5,20000,63109.0,6050,63098.0,35300,63110.0,3770,63095.0,20060
1714348800759058,63100.5,530,63100.0,39540,63101.0,1000,63099.5,2130,63102.5,1520,63098.5,20000,63108.5,12090,63098.0,35300,63109.0,6050,63095.0,20060
1714348800783807,63100.5,530,63100.0,39540,63101.0,1000,63099.5,2130,63102.5,1520,63098.5,20000,63108.5,6040,63098.0,35300,63109.0,6050,63095.0,20060
1714348800832252,63100.5,530,63100.0,39540,63101.0,1000,63099.5,2130,63102.5,1520,63098.5,20000,63107.5,6040,63098.0,35300,63109.0,6050,63095.0,20060
1714348800871411,63100.5,530,63100.0,39540,63101.0,1000,63099.5,2130,63102.5,1520,63098.5,20000,63107.5,12090,63098.0,35300,63109.5,6050,63095.0,20060
1714348800871413,63100.5,530,63100.0,39540,63101.0,1000,63099.5,2130,63102.5,1520,63098.5,20000,63107.5,12090,63098.0,35300,63108.0,6050,63095.0,20060
1714348800902995,63100.5,530,63100.0,39540,63101.0,1000,63099.5,2130,63102.5,1520,63098.5,20000,63107.5,6040,63098.0,35300,63108.0,12100,63095.0,20060
1714348800903001,63100.5,530,63100.0,39540,63101.0,1000,63099.5,2130,63102.5,1520,63098.5,20000,63108.0,18140,63098.0,35300,63110.0,3770,63095.0,20060
1714348800911811,63100.5,530,63100.0,39540,63101.0,1000,63099.5,2130,63102.5,1520,63098.5,20000,63108.0,18140,63098.0,35300,63110.0,3770,63095.0,16070
1714348800919080,63100.5,530,63100.0,39540,63101.0,1000,63099.5,2130,63102.5,1520,63098.5,20000,63108.0,18140,63098.0,35300,63110.0,3770,63095.0,12080
1714348800939321,63100.5,530,63100.0,39540,63101.0,1000,63099.5,2130,63102.5,1520,63098.5,20000,63108.0,12100,63098.0,35300,63108.5,6040,63095.0,12080
1714348800974621,63100.5,530,63100.0,42780,63101.0,1000,63099.5,2130,63102.5,1520,63098.5,20000,63108.0,12100,63098.0,35300,63108.5,6040,63095.0,12080
1714348800974622,63100.5,530,63100.0,42780,63101.0,1000,63099.5,2130,63102.5,1520,63098.5,20000,63108.0,12100,63098.0,35300,63108.5,6040,63095.0,6040
1714348800992970,63100.5,530,63100.0,42780,63101.0,1000,63099.5,2130,63102.5,1520,63098.5,20000,63107.0,6050,63098.0,35300,63108.0,6050,63095.0,6040
1714348801003669,63100.5,530,63100.0,42780,63101.0,1000,63099.5,2130,63102.0,19600,63098.5,20000,63102.5,1520,63098.0,35300,63107.0,6050,63095.0,6040
1714348801015484,63100.5,530,63100.0,45420,63101.0,1000,63099.5,2130,63102.0,19600,63098.5,20000,63102.5,1520,63098.0,35300,63107.0,6050,63095.0,6040
1714348801020521,63100.5,530,63100.0,45460,63101.0,1000,63099.5,2130,63102.0,19600,63098.5,20000,63102.5,1520,63098.0,35300,63107.0,6050,63095.0,6040
1714348801029961,63100.5,530,63100.0,45460,63101.0,1000,63099.5,2130,63102.0,19600,63098.5,20000,63102.5,1520,63098.0,35300,63107.0,12090,63095.0,6040
1714348801029975,63100.5,530,63100.0,45460,63101.0,1000,63099.5,2130,63102.0,19600,63098.5,20000,63102.5,1520,63098.0,35300,63107.0,18140,63095.0,6040
1714348801050884,63100.5,530,63100.0,45460,63101.0,1000,63099.5,2130,63102.0,19600,63098.5,20000,63102.5,1520,63098.0,29000,63107.0,18140,63095.0,6040
1714348801055587,63100.5,530,63100.0,45460,63101.0,1000,63099.5,2130,63102.0,19600,63098.5,20000,63102.5,1520,63098.0,29000,63107.0,12090,63095.0,6040
1714348801060472,63100.5,530,63100.0,45460,63101.0,1000,63099.5,2130,63102.0,19600,63098.5,20000,63102.5,1520,63098.0,29000,63107.0,6050,63095.0,6040
1714348801060477,63100.5,530,63100.0,45460,63101.0,1000,63099.5,2130,63102.0,19600,63098.5,20000,63102.5,1520,63098.0,29000,63107.5,18140,63095.0,6040
1714348801111880,63100.5,8690,63100.0,45460,63101.0,1000,63099.5,2130,63102.0,19600,63098.5,20000,63102.5,1520,63098.0,29000,63107.5,18140,63095.0,6040
1714348801137842,63100.5,8690,63100.0,45460,63101.0,1000,63099.5,2130,63102.0,19600,63098.5,20000,63102.5,1520,63098.0,29000,63106.5,6050,63095.0,6040
1714348801139584,63100.5,8690,63100.0,45460,63101.0,1000,63099.5,2130,63102.0,19600,63098.5,20000,63102.5,1520,63098.0,29000,63106.5,12090,63095.0,6040
1714348801144840,63100.5,8690,63100.0,45460,63101.0,1000,63099.5,2130,63102.5,1520,63098.5,20000,63106.5,12090,63098.0,29000,63107.5,6050,63095.0,6040
1714348801153953,63100.5,8690,63100.0,45460,63101.0,1000,63099.5,2130,63102.5,1520,63098.5,20000,63106.5,12090,63098.0,29000,63108.0,6050,63095.0,6040
1714348801159547,63100.5,8690,63100.0,45460,63101.0,1000,63099.5,2130,63102.5,1520,63098.5,20000,63106.5,6040,63098.0,29000,63108.0,12100,63095.0,6040
1714348801168395,63100.5,8690,63100.0,45460,63101.0,1000,63099.5,2130,63102.5,1520,63098.5,20000,63106.5,6040,63098.0,29000,63108.0,6050,63095.0,6040
1714348801180477,63100.5,8690,63100.0,45460,63101.0,1000,63099.5,2130,63102.5,1520,63098.5,20000,63106.5,6040,63098.0,29000,63109.0,10500,63095.0,6040
1714348801207728,63100.5,8690,63100.0,45460,63101.0,1000,63099.5,2130,63102.5,1520,63098.5,20000,63107.0,6040,63098.0,29000,63109.0,10500,63095.0,6040
1714348801227966,63100.5,8690,63100.0,45460,63101.0,1000,63099.5,2130,63102.5,1520,63098.5,20000,63107.0,6040,63098.0,29000,63108.5,6050,63095.0,6040
1714348801276807,63100.5,8690,63100.0,45460,63101.0,1000,63099.5,2130,63102.5,1520,63098.5,20000,63107.0,6040,63098.0,29000,63109.0,10500,63095.0,6040
1714348801299223,63100.5,8690,63100.0,45460,63101.0,1000,63099.5,2130,63102.5,1520,63098.5,20000,63107.0,6040,63098.0,29000,63107.5,6050,63095.0,6040
1714348801303435,63100.5,8690,63100.0,45460,63101.0,1000,63099.5,2130,63102.5,1520,63098.5,20000,63107.5,12090,63098.0,29000,63109.0,10500,63095.0,6040
1714348801313617,63100.5,8690,63100.0,45460,63101.0,1000,63099.5,2130,63102.5,1520,63098.5,20000,63107.5,6040,63098.0,29000,63108.5,6050,63095.0,6040
1714348801318379,63100.5,8690,63100.0,45460,63101.0,1000,63099.5,2130,63102.5,1520,63098.5,20000,63107.5,6040,63098.0,29000,63108.5,12100,63095.0,6040
1714348801328848,63100.5,8690,63100.0,45460,63101.0,1000,63099.5,2130,63102.5,1520,63098.5,20000,63108.5,18140,63098.0,29000,63109.0,10500,63095.0,6040
1714348801342880,63100.5,8690,63100.0,45460,63101.0,1000,63099.5,2130,63102.0,19600,63098.5,20000,63102.5,1520,63098.0,29000,63108.5,18140,63095.0,6040
1714348801358840,63100.5,8690,63100.0,45460,63101.0,1000,63099.5,2130,63102.5,1520,63098.5,20000,63108.5,18140,63098.0,29000,63109.0,10500,63095.0,6040
1714348801374149,63100.5,8690,63100.0,46060,63101.0,1000,63099.5,2130,63102.5,1520,63098.5,20000,63108.5,18140,63098.0,29000,63109.0,10500,63095.0,6040
1714348801374154,63100.5,530,63100.0,46060,63101.0,1000,63099.5,2130,63102.5,1520,63098.5,20000,63108.5,18140,63098.0,29000,63109.0,10500,63095.0,6040
1714348801458008,63100.5,530,63100.0,46060,63101.0,1000,63099.5,2130,63102.5,1520,63098.5,20000,63107.0,6040,63098.0,29000,63108.5,12100,63095.0,6040
1714348801461677,63100.5,530,63100.0,46060,63101.0,1000,63099.5,2130,63102.5,1520,63098.5,20000,63108.0,6040,63098.0,29000,63108.5,12100,63095.0,6040
1714348801483801,63100.5,530,63100.0,46060,63101.0,1000,63099.5,2130,63102.5,1520,63098.5,20000,63108.0,6040,63098.0,29000,63108.5,6050,63095.0,6040
1714348801493958,63100.5,530,63100.0,46060,63101.0,1000,63099.5,2130,63102.5,1520,63098.5,20000,63108.0,6040,63098.0,29000,63109.0,10500,63095.0,6040
1714348801517139,63100.5,530,63100.0,46060,63101.0,1000,63099.5,2130,63102.5,1520,63098.5,20000,63108.0,12090,63098.0,29000,63109.0,10500,63095.0,6040
1714348801528784,63100.5,530,63100.0,46060,63101.0,1000,63099.5,2130,63102.5,1520,63098.5,20000,63108.0,6040,63098.0,29000,63108.5,6050,63095.0,6040
1714348801625151,63100.5,530,63100.0,83560,63101.0,1000,63099.5,2130,63102.5,1520,63098.5,20000,63108.0,6040,63098.0,29000,63108.5,6050,63095.0,6040
1714348801638250,63100.5,530,63100.0,103560,63101.0,1000,63099.5,2130,63102.5,1520,63098.0,29000,63108.0,6040,63095.0,6040,63108.5,6050,63094.5,12080
1714348801643128,63100.5,530,63100.0,103560,63101.0,1000,63099.5,2130,63102.5,1520,63098.0,29000,63108.0,6040,63095.0,6040,63108.5,6050,63094.5,6040
1714348801651420,63100.5,530,63100.0,103560,63101.0,1000,63099.5,2130,63102.5,1520,63098.0,29000,63108.0,6040,63095.0,12080,63108.5,6050,63094.5,6040
1714348801651433,63100.5,530,63100.0,103560,63101.0,1000,63099.5,2130,63102.5,1520,63098.0,29000,63108.5,12090,63095.0,12080,63109.0,10500,63094.5,6040
1714348801659137,63100.5,530,63100.0,103560,63101.0,1000,63099.5,2130,63102.5,1520,63098.0,29000,63108.5,18140,63095.0,12080,63109.0,10500,63094.5,6040
1714348801667907,63100.5,530,63100.0,103560,63101.0,1000,63099.5,2130,63102.5,1520,63098.0,29000,63108.5,12090,63095.0,12080,63109.0,10500,63094.5,6040
1714348801767725,63100.5,530,63100.0,103560,63101.0,1000,63099.5,2130,63102.5,1520,63098.0,29000,63108.5,12090,63095.0,6040,63109.0,10500,63094.5,6040
1714348801896798,63100.5,530,63100.0,66060,63101.0,1000,63099.5,2130,63102.5,1520,63098.0,29000,63108.5,12090,63095.0,6040,63109.0,10500,63094.5,6040
1714348801906990,63100.5,530,63100.0,46060,63101.0,1000,63099.5,2130,63102.5,1520,63098.5,20000,63108.5,12090,63098.0,29000,63109.0,10500,63095.0,6040
1714348801906994,63100.5,530,63100.0,46060,63101.0,1000,63099.5,2130,63102.5,1520,63098.5,20000,63108.5,18140,63098.0,29000,63109.0,10500,63095.0,6040
1714348801931967,63100.5,530,63100.0,46060,63101.0,1000,63099.5,2130,63102.5,1520,63098.5,20000,63108.5,12090,63098.0,29000,63109.0,10500,63095.0,6040
1714348801959949,63100.5,530,63100.0,46060,63101.0,1000,63099.5,2130,63102.5,1520,63098.5,20000,63108.0,6050,63098.0,29000,63108.5,12090,63095.0,6040
1714348801969675,63100.5,530,63100.0,46060,63101.0,1000,63099.5,2130,63102.5,1520,63098.5,20000,63108.0,6050,63098.0,29000,63108.5,6040,63095.0,6040
1714348802025105,63100.5,530,63100.0,46060,63101.0,1000,63099.5,2130,63102.0,15500,63098.5,20000,63102.5,1520,63098.0,29000,63108.0,6050,63095.0,6040
1714348802042100,63100.5,530,63100.0,46060,63101.0,1000,63099.5,2130,63102.0,15500,63098.5,20000,63102.5,1520,63098.0,29000,63108.5,6040,63095.0,6040
1714348802046025,63100.5,530,63100.0,46060,63101.0,1000,63099.5,2130,63102.0,15500,63098.5,26040,63102.5,1520,63098.0,29000,63108.5,6040,63094.5,6040
1714348802056753,63100.5,530,63100.0,46060,63101.0,1000,63099.5,2130,63102.0,15500,63098.5,26040,63102.5,1520,63098.0,29000,63108.5,6040,63095.0,6040
1714348802056760,63100.5,530,63100.0,46060,63101.0,1000,63099.5,2130,63102.5,1520,63098.5,26040,63108.5,6040,63098.0,29000,63109.0,10500,63095.0,6040
1714348802062564,63100.5,530,63100.0,46060,63101.0,1000,63099.5,2130,63102.5,1520,63098.5,26040,63108.5,6040,63098.0,29000,63109.0,10500,63094.5,6040
1714348802145477,63100.5,530,63100.0,83560,63101.0,1000,63099.5,2130,63102.5,1520,63098.5,26040,63108.5,6040,63098.0,29000,63109.0,10500,63094.5,6040
1714348802148799,63100.5,530,63100.0,83560,63101.0,1000,63099.5,2130,63102.5,1520,63098.5,26040,63107.5,6040,63098.0,29000,63109.0,10500,63094.5,6040
1714348802160359,63100.5,530,63100.0,103560,63101.0,1000,63099.5,2130,63102.5,1520,63098.5,6040,63107.5,6040,63098.0,29000,63109.0,10500,63094.5,6040
1714348802192881,63100.5,530,63100.0,103560,63101.0,1000,63099.5,2130,63102.5,1520,63098.5,6040,63108.5,6040,63098.0,29000,63109.0,10500,63094.5,6040
1714348802252051,63100.5,530,63100.0,66060,63101.0,1000,63099.5,2130,63102.5,1520,63098.5,6040,63108.5,6040,63098.0,29000,63109.0,10500,63094.5,6040
1714348802267372,63100.5,530,63100.0,46060,63101.0,1000,63099.5,2130,63102.5,1520,63098.5,26040,63108.5,6040,63098.0,29000,63109.0,10500,63094.5,6040
1714348802287578,63100.5,530,63100.0,46060,63101.0,1000,63099.5,2130,63102.5,1520,63098.5,20000,63108.5,6040,63098.0,29000,63109.0,10500,63095.0,6040
1714348802402842,63100.5,530,63100.0,46060,63101.0,1000,63099.5,2130,63102.5,1520,63098.5,26040,63108.5,6040,63098.0,29000,63109.0,10500,63094.5,6040
1714348802473941,63100.5,530,63100.0,46060,63101.0,1000,63099.5,2130,63102.5,1520,63098.5,26040,63108.5,6040,63098.0,29000,63109.0,10500,63095.0,6040
1714348802479989,63100.5,530,63100.0,83560,63101.0,1000,63099.5,2130,63102.5,1520,63098.5,26040,63108.5,6040,63098.0,29000,63109.0,10500,63095.0,6040
1714348802491772,63100.5,530,63100.0,103560,63101.0,1000,63099.5,2130,63102.5,1520,63098.5,6040,63108.5,6040,63098.0,29000,63109.0,10500,63095.0,6040
1714348802560340,63100.5,530,63100.0,103560,63101.0,1000,63099.5,2130,63102.5,1520,63098.5,6040,63108.5,6040,63098.0,29000,63109.0,10500,63094.5,6040
1714348802612584,63100.5,530,63100.0,103560,63101.0,1000,63099.5,2130,63102.5,1520,63098.5,6040,63108.5,6040,63098.0,29000,63109.0,10500,63095.0,6040
1714348802617803,63100.5,530,63100.0,103560,63101.0,1000,63099.5,2130,63102.5,1520,63098.5,6040,63108.5,6040,63098.0,29000,63109.0,10500,63094.5,6040
1714348802629797,63100.5,530,63100.0,103560,63101.0,1000,63099.5,2130,63102.5,1520,63098.0,29000,63108.5,6040,63095.5,6040,63109.0,10500,63094.5,6040
1714348802790920,63100.5,530,63100.0,103560,63101.0,1000,63099.5,2130,63102.5,1520,63098.0,29000,63108.5,6040,63096.0,6040,63109.0,10500,63095.5,6040
1714348802817521,63100.5,530,63100.0,103560,63101.0,1000,63099.5,2130,63102.5,1520,63098.0,29000,63108.5,6040,63095.5,6040,63109.0,10500,63094.0,6040
1714348802821809,63100.5,530,63100.0,103560,63101.0,1000,63099.5,2130,63102.5,1520,63098.0,29000,63108.0,6050,63095.5,6040,63108.5,6040,63094.0,6040
1714348802880115,63100.5,530,63100.0,103560,63101.0,1000,63099.5,2130,63102.5,1520,63098.0,29000,63108.0,6050,63095.5,6040,63108.5,12090,63094.0,6040
1714348802880127,63100.5,530,63100.0,103560,63101.0,1000,63099.5,2130,63102.5,1520,63098.0,29000,63108.0,6050,63095.0,6040,63108.5,12090,63094.0,6040
1714348802911676,63100.5,530,63100.0,103560,63101.0,1000,63099.5,2130,63102.5,1520,63098.0,29000,63108.0,6050,63096.0,6040,63108.5,12090,63095.0,6040
1714348802931872,63100.5,530,63100.0,103560,63101.0,1000,63099.5,2130,63102.5,1520,63098.0,29000,63108.0,6050,63096.5,6040,63108.5,12090,63096.0,6040
1714348802953145,63100.5,530,63100.0,103560,63101.0,1000,63099.5,2130,63102.5,1520,63098.0,29000,63108.5,12090,63096.5,6040,63109.0,10500,63096.0,6040
1714348802953152,63100.5,530,63100.0,103560,63101.0,1000,63099.5,2130,63102.5,1520,63098.0,29000,63108.5,6040,63096.5,6040,63109.0,10500,63096.0,6040
1714348802973493,63100.5,530,63100.0,103560,63101.0,1000,63099.5,2130,63102.5,1520,63098.0,29000,63108.5,6040,63096.0,6040,63109.0,10500,63094.5,6040
1714348802973499,63100.5,530,63100.0,103560,63101.0,1000,63099.5,2130,63102.5,1520,63098.0,29000,63108.5,6040,63096.0,6040,63109.0,10500,63094.5,21040
1714348802973524,63100.5,530,63100.0,103560,63101.0,1000,63099.5,2130,63102.5,1520,63098.0,29000,63108.5,6040,63096.0,6040,63109.0,10500,63094.5,27080
1714348802995491,63100.5,530,63100.0,103560,63101.0,1000,63099.5,2130,63102.5,1520,63098.0,29000,63108.0,6050,63096.0,6040,63108.5,6040,63094.5,27080
1714348803024471,63100.5,530,63100.0,103560,63101.0,1000,63099.5,2130,63102.5,1520,63098.0,29000,63107.5,6040,63096.0,6040,63108.0,6050,63094.5,27080
1714348803024497,63100.5,530,63100.0,103560,63101.0,1000,63099.5,2130,63102.5,1520,63098.0,29000,63108.0,6050,63096.0,6040,63108.5,6040,63094.5,27080
1714348803042765,63100.5,530,63100.0,103560,63101.0,1000,63099.5,2130,63102.5,1520,63098.0,29000,63108.0,6050,63096.0,12080,63108.5,6040,63094.5,21040
1714348803064555,63100.5,530,63100.0,103560,63101.0,1000,63099.5,2130,63102.5,1520,63098.0,29000,63108.0,6050,63096.0,6040,63108.5,6040,63095.5,6040
1714348803077984,63100.5,530,63100.0,103560,63101.0,1000,63099.5,2130,63102.5,1520,63098.0,29000,63108.0,6050,63095.5,6040,63108.5,6040,63094.5,27080
1714348803078009,63100.5,530,63100.0,103560,63101.0,1000,63099.5,2130,63102.5,1520,63098.0,29000,63108.0,6050,63095.5,6040,63108.5,6040,63094.5,21040
1714348803085350,63100.5,530,63100.0,103560,63101.0,1000,63099.5,2130,63102.5,1520,63098.0,29000,63108.0,6050,63094.5,21040,63108.5,6040,63093.5,12080
1714348803089617,63100.5,530,63100.0,103560,63101.0,1000,63099.5,2130,63102.5,1520,63098.0,29000,63108.0,6050,63096.5,6040,63108.5,6040,63094.5,15000
1714348803105550,63100.5,530,63100.0,103560,63101.0,1000,63099.5,2130,63102.5,1520,63098.0,29000,63108.0,6050,63097.0,6040,63108.5,6040,63096.5,6040
1714348803111267,63100.5,530,63100.0,103560,63101.0,1000,63099.5,2130,63102.5,1520,63098.0,29000,63108.5,12090,63097.0,6040,63109.0,10500,63096.5,6040
1714348803124843,63100.5,530,63100.0,103560,63101.0,1000,63099.5,2130,63102.5,1520,63098.0,29000,63108.5,12090,63096.5,6040,63109.0,10500,63094.5,15000
1714348803124851,63100.5,530,63100.0,103560,63101.0,1000,63099.5,2130,63102.5,1520,63098.0,29000,63108.5,18140,63096.5,6040,63109.0,10500,63094.5,15000
1714348803124851,63100.5,530,63100.0,103560,63101.0,1000,63099.5,2130,63102.5,1520,63098.0,29000,63108.5,18140,63096.5,6040,63109.0,10500,63095.0,6040
1714348803141941,63100.5,530,63100.0,66060,63101.0,1000,63099.5,2130,63102.5,1520,63098.0,29000,63108.5,18140,63096.5,6040,63109.0,10500,63095.0,6040
1714348803147698,63100.5,530,63100.0,66060,63101.0,1000,63099.5,2130,63102.5,1520,63098.0,29000,63108.5,18140,63096.5,6040,63109.0,10500,63095.0,12080
1714348803152913,63100.5,530,63100.0,66060,63101.0,1000,63099.5,2130,63102.5,1520,63098.0,29000,63108.5,18140,63096.5,6040,63109.0,10500,63095.0,6040
1714348803152933,63100.5,530,63100.0,66060,63101.0,1000,63099.5,2130,63102.5,1520,63098.0,29000,63108.5,18140,63095.0,12080,63109.0,10500,63094.5,15000
1714348803162171,63100.5,530,63100.0,103560,63101.0,1000,63099.5,2130,63102.5,1520,63098.0,29000,63108.5,18140,63095.0,12080,63109.0,10500,63094.5,15000
1714348803162192,63100.5,530,63100.0,103560,63101.0,1000,63099.5,2130,63102.5,1520,63098.0,29000,63108.5,18140,63096.5,6040,63109.0,10500,63095.0,6040
1714348803164579,63100.5,530,63100.0,83560,63101.0,1000,63099.5,2130,63102.5,1520,63098.5,20000,63108.5,18140,63098.0,29000,63109.0,10500,63096.5,6040
1714348803178016,63100.5,530,63100.0,83560,63101.0,1000,63099.5,2130,63102.5,1520,63098.5,20000,63108.5,12090,63098.0,29000,63109.0,10500,63096.5,6040
1714348803202317,63100.5,530,63100.0,83560,63101.0,1000,63099.5,2130,63102.5,1520,63098.5,20000,63108.5,12090,63098.0,29000,63109.0,10500,63096.5,12080
1714348803202333,63100.5,530,63100.0,46060,63101.0,1000,63099.5,2130,63102.5,1520,63098.5,20000,63108.5,12090,63098.0,29000,63109.0,10500,63096.5,12080
1714348803218727,63100.5,530,63100.0,46060,63101.0,1000,63099.5,2130,63102.5,1520,63098.5,20000,63107.5,6040,63098.0,29000,63108.5,6050,63096.5,12080
1714348803230920,63100.5,530,63100.0,83560,63101.0,1000,63099.5,2130,63102.5,1520,63098.5,20000,63107.5,6040,63098.0,29000,63108.5,6050,63096.5,12080
1714348803230929,63100.5,530,63100.0,83560,63101.0,1000,63099.5,2130,63102.5,1520,63098.5,20000,63107.5,6040,63098.0,29000,63108.5,6050,63096.5,6040
1714348803247667,63100.5,530,63100.0,83560,63101.0,1000,63099.5,2130,63102.5,1520,63098.5,20000,63107.5,6040,63098.0,29000,63108.5,6050,63095.0,12080
1714348803258121,63100.5,530,63100.0,46060,63101.0,1000,63099.5,2130,63102.5,1520,63098.5,20000,63107.5,6040,63098.0,29000,63108.5,6050,63095.0,12080
1714348803258141,63100.5,530,63100.0,46060,63101.0,1000,63099.5,2130,63102.5,1520,63098.5,20000,63107.5,6040,63098.0,29000,63108.5,6050,63097.5,6040
1714348803276648,63100.5,530,63100.0,46060,63101.0,1000,63099.5,2130,63102.5,1520,63098.5,20000,63107.5,6040,63098.0,29000,63108.5,6050,63095.0,12080
1714348803280760,63100.5,530,63100.0,46060,63101.0,1000,63099.5,2130,63102.5,1520,63098.5,20000,63107.5,6040,63098.0,29000,63108.0,6050,63095.0,12080
1714348803294021,63100.5,530,63100.0,46000,63101.0,1000,63099.5,2130,63102.5,1520,63098.5,20000,63107.5,6040,63098.0,29000,63108.0,6050,63095.0,12080
1714348803302912,63100.5,530,63100.0,83500,63101.0,1000,63099.5,2130,63102.5,1520,63098.5,20000,63107.5,6040,63098.0,29000,63108.0,6050,63095.0,12080
1714348803311770,63100.5,530,63100.0,83500,63101.0,1000,63099.5,2130,63102.5,1520,63098.5,20000,63107.5,6040,63098.0,29000,63108.0,6050,63097.0,6040
1714348803316869,63100.5,530,63100.0,83500,63101.0,1000,63099.5,2130,63102.5,1520,63098.5,20000,63108.0,12090,63098.0,29000,63108.5,6050,63097.0,6040
1714348803324455,63100.5,530,63100.0,83500,63101.0,1000,63099.5,2130,63102.5,1520,63098.5,20000,63108.0,12090,63098.0,29000,63108.5,6050,63095.5,6040
1714348803324494,63100.5,530,63100.0,83500,63101.0,1000,63099.5,2130,63102.5,1520,63098.5,20000,63108.0,6040,63098.0,29000,63108.5,12100,63095.5,6040
1714348803329587,63100.5,530,63100.0,83500,63101.0,1000,63099.5,2130,63102.5,1520,63098.5,20000,63108.0,6040,63098.0,29000,63108.5,6050,63095.5,6040
1714348803334553,63100.5,530,63100.0,83500,63101.0,1000,63099.5,2130,63102.5,1520,63098.5,20000,63108.0,6040,63098.0,29000,63108.5,6050,63097.0,6040
1714348803334596,63100.5,530,63100.0,83500,63101.0,1000,63099.5,2130,63102.5,1520,63098.5,20000,63108.0,6040,63098.0,29000,63109.0,10500,63097.0,6040
1714348803334597,63100.5,530,63100.0,83500,63101.0,1000,63099.5,2130,63102.5,1520,63099.0,6040,63108.0,6040,63098.5,20000,63109.0,10500,63098.0,29000
1714348803340114,63100.5,530,63100.0,103500,63101.0,1000,63099.5,2130,63102.5,1520,63099.0,6040,63108.0,6040,63098.0,29000,63109.0,10500,63097.0,6040
1714348803377473,63100.5,530,63100.0,103500,63101.0,1000,63099.5,2130,63102.5,1520,63099.0,6040,63108.0,6040,63098.5,6040,63109.0,10500,63098.0,29000
1714348803377540,63100.5,530,63100.0,109540,63101.0,1000,63099.5,2130,63102.5,1520,63098.5,6040,63108.0,6040,63098.0,29000,63109.0,10500,63094.0,24180
1714348803380879,63100.5,530,63100.0,103500,63101.0,1000,63099.5,2130,63102.5,1520,63099.0,6040,63108.0,6040,63098.5,6040,63109.0,10500,63098.0,29000
1714348803404542,63100.5,530,63100.0,103500,63101.0,1000,63099.5,2130,63102.5,1520,63099.0,6040,63108.0,6040,63098.0,29000,63109.0,10500,63097.0,6040
1714348803404556,63100.5,530,63100.0,103500,63101.0,1000,63099.5,2130,63102.5,1520,63099.0,6040,63108.0,6040,63098.0,29000,63109.0,16550,63097.0,6040
1714348803404583,63100.5,530,63100.0,103500,63101.0,1000,63099.5,2130,63102.5,1520,63098.0,29000,63108.0,6040,63097.0,6040,63109.0,16550,63095.5,6040
1714348803404853,63100.5,530,63100.0,103500,63101.0,1000,63099.5,2130,63102.5,1520,63098.0,29000,63108.0,6040,63095.5,12080,63109.0,16550,63094.0,24180
1714348803416029,63100.5,530,63100.0,103500,63101.0,1000,63099.5,2130,63102.5,1520,63098.0,29000,63108.0,6040,63095.5,6040,63109.0,16550,63094.5,6040
1714348803429672,63100.5,530,63100.0,103500,63101.0,1000,63099.5,2130,63102.5,1520,63098.0,29000,63108.0,6040,63095.5,6040,63109.0,16550,63093.5,6040
1714348803434630,63100.5,530,63100.0,103500,63101.0,1000,63099.5,2130,63102.5,1520,63098.5,6040,63108.0,6040,63098.0,29000,63109.0,16550,63093.5,6040
1714348803439425,63100.5,530,63100.0,103500,63101.0,1000,63099.5,2130,63102.5,1520,63098.5,6040,63108.0,6040,63098.0,29000,63109.0,16550,63095.5,6040
1714348803452164,63100.5,530,63100.0,103500,63101.0,1000,63099.5,2130,63102.5,1520,63098.0,29000,63108.0,6040,63095.5,12080,63109.0,16550,63093.0,30220
1714348803456711,63100.5,530,63100.0,103500,63101.0,1000,63099.5,2130,63102.5,1520,63098.0,29000,63108.0,6040,63095.5,12080,63109.0,16550,63093.0,24180
1714348803463048,63100.5,530,63100.0,103500,63101.0,1000,63099.5,2130,63102.5,1520,63098.0,29000,63108.0,6040,63095.5,6040,63109.0,16550,63093.0,30220
1714348803468937,63100.5,530,63100.0,66000,63101.0,1000,63099.5,2130,63102.5,1520,63098.0,29000,63108.0,6040,63095.5,6040,63109.0,16550,63093.0,30220
1714348803473193,63100.5,530,63100.0,66000,63101.0,1000,63099.5,2130,63102.5,1520,63098.0,29000,63108.0,6040,63095.5,6040,63109.0,16550,63093.0,6040
1714348803473204,63100.5,530,63100.0,66000,63101.0,1000,63099.5,2130,63102.0,19600,63098.0,29000,63102.5,1520,63095.5,6040,63108.0,6040,63093.0,6040
1714348803478888,63100.5,530,63100.0,65960,63101.0,1000,63099.5,2130,63102.0,19600,63098.0,29000,63102.5,1520,63095.5,6040,63108.0,6040,63093.0,6040
1714348803478893,63100.5,530,63100.0,65960,63101.0,1000,63098.0,29000,63102.0,19600,63095.5,6040,63102.5,1520,63093.0,6040,63108.0,6040,63092.5,3990
1714348803483699,63100.5,530,63100.0,45960,63101.0,1000,63098.5,20000,63102.0,19600,63098.0,29000,63102.5,1520,63095.5,6040,63108.0,6040,63093.0,6040
1714348803483709,63100.5,530,63100.0,45960,63101.0,1000,63098.5,20000,63102.0,19600,63098.0,29000,63102.5,1520,63093.0,12080,63108.0,6040,63092.5,3990
1714348803503776,63100.5,13570,63100.0,45960,63101.0,1000,63098.5,20000,63102.0,19600,63098.0,29000,63102.5,1520,63093.0,12080,63108.0,6040,63092.5,3990
1714348803524381,63100.5,13570,63100.0,45960,63101.0,1000,63098.5,20000,63102.0,19600,63098.0,29000,63102.5,1520,63093.0,12080,63107.5,6050,63092.5,3990
1714348803528682,63100.5,13570,63100.0,45590,63101.0,1000,63098.5,20000,63102.0,19600,63098.0,29000,63102.5,1520,63093.0,12080,63107.5,6050,63092.5,3990
1714348803528717,63100.5,13570,63100.0,45590,63101.0,1000,63098.5,20000,63102.0,19600,63098.0,29000,63102.5,1520,63093.0,12080,63107.5,12100,63092.5,3990
1714348803528994,63100.5,13570,63100.0,45590,63101.0,1000,63098.5,20000,63102.0,19600,63098.0,29000,63102.5,1520,63093.0,12080,63107.0,29000,63092.5,3990
1714348803540545,63100.5,13570,63100.0,45590,63101.0,1000,63098.5,20000,63102.0,19600,63098.0,29000,63102.5,1520,63094.5,6040,63107.0,29000,63093.0,6040
1714348803540570,63100.5,13570,63100.0,45590,63101.0,1000,63098.5,20000,63102.0,25640,63098.0,29000,63102.5,1520,63094.5,6040,63107.0,29000,63093.0,6040
1714348803552315,63100.5,13570,63100.0,45590,63101.0,1000,63098.5,20000,63102.0,25640,63098.0,29000,63102.5,1520,63093.0,12080,63107.0,29000,63092.5,3990
1714348803572758,63100.5,13570,63100.0,45590,63101.0,1000,63098.5,20000,63102.0,25640,63098.0,29000,63102.5,1520,63093.0,6040,63107.0,29000,63092.5,3990
1714348803618457,63100.5,13570,63100.0,35590,63101.0,1000,63098.5,20000,63102.0,25640,63098.0,29000,63102.5,1520,63093.0,6040,63107.0,29000,63092.5,3990
1714348803625841,63100.5,13570,63100.0,35590,63101.0,1000,63098.5,20000,63102.0,25640,63098.0,29000,63102.5,1520,63093.5,6040,63107.0,29000,63093.0,6040
1714348803628513,63100.5,13570,63100.0,35960,63101.0,1000,63098.5,20000,63102.0,25640,63098.0,29000,63102.5,1520,63093.5,6040,63107.0,29000,63093.0,6040
1714348803628535,63100.5,13570,63100.0,16960,63101.0,1000,63098.5,20000,63102.0,25640,63098.0,29000,63102.5,1520,63093.5,6040,63107.0,29000,63093.0,6040
1714348803640191,63100.5,13570,63100.0,6960,63101.0,1000,63098.5,20000,63102.0,25640,63098.0,29000,63102.5,1520,63093.5,6040,63107.0,29000,63093.0,6040
1714348803640214,63100.5,42570,63100.0,6960,63101.0,1000,63098.5,20000,63102.0,25640,63098.0,29000,63102.5,1520,63093.5,6040,63107.0,29000,63093.0,6040
1714348803645965,63100.5,42570,63100.0,6960,63101.0,1000,63098.5,20000,63102.0,25640,63098.0,29000,63102.5,1520,63093.0,6040,63107.0,29000,63092.5,10030
1714348803645970,63100.5,42570,63100.0,6960,63101.0,1000,63098.5,20000,63102.0,25640,63098.0,29000,63102.5,1520,63093.0,6040,63106.0,10500,63092.5,10030
1714348803649209,63100.5,13570,63100.0,6960,63101.0,1000,63098.5,20000,63102.0,25640,63098.0,29000,63102.5,1520,63093.0,6040,63106.0,10500,63092.5,10030
1714348803649231,63100.5,19610,63100.0,6960,63101.0,1000,63098.5,20000,63102.0,19600,63098.0,29000,63102.5,1520,63093.0,6040,63106.0,10500,63092.5,10030
1714348803654247,63100.5,19610,63100.0,6590,63101.0,1000,63098.5,20000,63102.0,19600,63098.0,29000,63102.5,1520,63093.0,6040,63106.0,10500,63092.5,10030
1714348803659209,63100.5,19610,63100.0,6590,63101.0,1000,63098.5,20000,63102.0,19600,63098.0,29000,63102.5,1520,63093.0,6040,63107.0,29000,63092.5,10030
1714348803665488,63100.5,19610,63100.0,6590,63101.0,1000,63098.0,29000,63102.0,19600,63093.0,6040,63102.5,1520,63092.5,10030,63107.0,29000,63092.0,20000
1714348803670396,63100.5,19610,63100.0,6590,63101.0,1000,63098.0,29000,63102.0,19600,63093.0,6040,63102.5,1520,63092.5,3990,63107.0,29000,63092.0,20000
1714348803670410,63100.5,19610,63100.0,6590,63101.0,1000,63098.0,29000,63102.0,19600,63092.5,3990,63102.5,1520,63092.0,26040,63107.0,29000,63091.5,29000
1714348803678539,63100.5,19610,63100.0,35590,63101.0,1000,63098.0,29000,63102.0,19600,63092.5,3990,63102.5,1520,63092.0,26040,63107.0,29000,63091.5,29000
1714348803688060,63100.5,19610,63100.0,35590,63101.0,1000,63098.0,29000,63102.0,19600,63092.5,3990,63102.5,1520,63092.0,20000,63107.0,29000,63091.5,29000
1714348803717620,63100.5,19610,63100.0,35590,63101.0,1000,63098.0,29000,63101.5,6050,63092.5,3990,63102.0,19600,63092.0,20000,63102.5,1520,63091.5,29000
1714348803717666,63100.5,19610,63100.0,35590,63101.0,1000,63098.0,29000,63101.5,12100,63092.5,3990,63102.0,19600,63092.0,20000,63102.5,1520,63091.5,29000
1714348803717954,63100.5,19610,63100.0,34990,63101.0,1000,63098.0,29000,63101.5,12100,63092.5,3990,63102.0,19600,63092.0,20000,63102.5,1520,63091.5,29000
1714348803717972,63100.5,19610,63100.0,34990,63101.0,1000,63098.0,29000,63101.5,12100,63092.0,20000,63102.0,19600,63091.5,29000,63102.5,1520,63091.0,3990
1714348803718847,63100.5,19610,63100.0,5990,63101.0,1000,63098.0,29000,63101.5,12100,63092.0,20000,63102.0,19600,63091.5,29000,63102.5,1520,63091.0,3990
1714348803718880,63100.5,25650,63100.0,5990,63101.0,1000,63098.0,29000,63101.5,6050,63092.0,20000,63102.0,19600,63091.5,29000,63102.5,1520,63091.0,3990
1714348803736212,63100.5,54650,63100.0,5990,63101.0,1000,63098.0,29000,63101.5,6050,63092.0,20000,63102.0,19600,63091.5,29000,63102.5,1520,63091.0,3990
1714348803736414,63100.5,54650,63100.0,5990,63101.0,1000,63098.0,29000,63101.5,6050,63092.0,20000,63102.0,19600,63091.5,29000,63102.5,1520,63089.5,6040
1714348803736430,63100.5,48610,63100.0,5990,63101.0,1000,63098.0,29000,63101.5,12100,63092.0,20000,63102.0,19600,63091.5,29000,63102.5,1520,63089.5,6040
1714348803736434,63100.5,48610,63100.0,5990,63101.0,1000,63098.0,29000,63101.5,12100,63092.0,20000,63102.0,19600,63091.5,29000,63102.5,1520,63088.5,12340
1714348803736451,63100.5,48610,63100.0,6360,63101.0,1000,63098.0,29000,63101.5,12100,63092.0,20000,63102.0,19600,63091.5,29000,63102.5,1520,63088.5,12340
1714348803764161,63100.5,48610,63100.0,5990,63101.0,1000,63098.0,29000,63101.5,12100,63092.0,20000,63102.0,19600,63091.5,29000,63102.5,1520,63088.5,12340
1714348803764214,63100.5,19610,63100.0,5990,63101.0,1000,63098.0,29000,63101.5,12100,63092.0,20000,63102.0,19600,63091.5,29000,63102.5,1520,63088.5,12340
1714348803764430,63100.5,25660,63100.0,5990,63101.0,1000,63098.0,29000,63101.5,6050,63092.0,20000,63102.0,19600,63091.5,29000,63102.5,1520,63088.5,12340
1714348803764462,63100.5,54660,63100.0,5990,63101.0,1000,63098.0,29000,63101.5,6050,63092.0,20000,63102.0,19600,63091.5,29000,63102.5,1520,63088.5,12340
1714348803764464,63100.5,54660,63100.0,5990,63101.0,1000,63098.0,29000,63101.5,6050,63092.0,20000,63102.0,19600,63091.5,29000,63102.5,1520,63088.5,6300
1714348803764476,63100.5,54660,63100.0,5990,63101.0,1000,63092.0,20000,63101.5,6050,63091.5,29000,63102.0,19600,63088.5,6300,63102.5,1520,63086.5,16070
1714348803781236,63100.5,54660,63100.0,5990,63101.0,1000,63092.0,20000,63101.5,6050,63091.5,29000,63102.0,19600,63088.5,6300,63102.5,1520,63086.5,12080
1714348803781456,63100.5,60700,63100.0,5990,63101.0,1000,63092.0,20000,63102.0,19600,63091.5,29000,63102.5,1520,63088.5,6300,63107.0,110210,63086.5,12080
1714348803781481,63100.5,60700,63100.0,5990,63101.0,1000,63092.0,20000,63101.5,24190,63091.5,29000,63102.0,19600,63088.5,6300,63102.5,1520,63086.5,12080
1714348803781564,63100.5,60700,63100.0,5990,63101.0,1000,63092.0,20000,63101.5,24190,63091.5,29000,63102.0,19600,63088.5,6300,63102.5,1520,63086.5,6040
1714348803806884,63100.5,60700,63100.0,5990,63101.0,1000,63092.0,20000,63101.5,24190,63091.5,29000,63102.0,19600,63088.5,6300,63102.5,1520,63084.5,12080
1714348803815535,63100.5,60700,63100.0,5990,63101.0,1000,63092.0,20000,63101.5,24190,63091.5,29000,63102.0,19600,63088.5,6300,63102.5,1520,63086.5,6040
1714348803815541,63100.5,60700,63100.0,5990,63101.0,1000,63091.5,29000,63101.5,24190,63088.5,6300,63102.0,19600,63086.5,6040,63102.5,1520,63084.5,26040
1714348803815550,63100.5,60700,63100.0,5990,63101.0,1000,63091.5,29000,63102.0,19600,63088.5,6300,63102.5,1520,63086.5,6040,63105.5,3990,63084.5,26040
1714348803824669,63100.5,60700,63100.0,5990,63101.0,1000,63091.5,29000,63102.0,19600,63088.5,6300,63102.5,3230,63086.5,6040,63105.5,3990,63084.5,26040
1714348803844085,63100.5,60700,63100.0,5990,63101.0,1000,63091.5,29000,63102.0,19600,63088.5,6300,63102.5,3230,63084.5,32080,63105.5,3990,63084.0,29000
1714348803850173,63100.5,60700,63100.0,5990,63101.0,1000,63091.5,29000,63101.5,24190,63088.5,6300,63102.0,19600,63084.5,32080,63102.5,3230,63084.0,29000
1714348803852866,63100.5,60700,63100.0,5990,63101.0,1000,63095.5,370,63101.5,24190,63091.5,29000,63102.0,19600,63088.5,6300,63102.5,3230,63084.5,32080
1714348803852901,63100.5,60700,63100.0,5990,63101.0,1000,63095.5,370,63101.5,24190,63091.5,29000,63102.0,19600,63088.5,6900,63102.5,3230,63084.5,32080
1714348803872322,63100.5,60700,63100.0,5890,63101.0,1000,63095.5,370,63101.5,24190,63091.5,29000,63102.0,19600,63088.5,6900,63102.5,3230,63084.5,32080
1714348803890802,63100.5,89700,63100.0,5890,63101.0,1000,63095.5,370,63101.5,24190,63091.5,29000,63102.0,19600,63088.5,6900,63102.5,3230,63084.5,32080
1714348803908620,63100.5,89700,63100.0,3250,63101.0,1000,63095.5,370,63101.5,24190,63091.5,29000,63102.0,19600,63088.5,6900,63102.5,3230,63084.5,32080
1714348803931615,63100.5,89700,63100.0,3250,63101.0,1000,63095.5,370,63101.5,24190,63091.5,29000,63102.0,19600,63088.5,6900,63102.5,3230,63084.5,26040
1714348803931615,63100.5,89700,63100.0,3250,63101.0,1000,63095.5,370,63101.5,24190,63091.5,29000,63102.0,19600,63088.5,6900,63102.5,3230,63084.5,20000
1714348803941346,63100.5,89700,63100.0,3250,63101.0,1000,63095.5,370,63101.5,24190,63091.5,29000,63102.0,19600,63088.5,6900,63102.5,13730,63084.5,20000
1714348803941368,63100.5,99700,63100.0,3250,63101.0,1000,63095.5,370,63101.5,24190,63091.5,29000,63102.0,19600,63088.5,6900,63102.5,13730,63084.5,20000
1714348803973207,63100.5,99700,63100.0,3250,63101.0,1000,63095.5,370,63101.5,105400,63091.5,29000,63102.0,19600,63088.5,6900,63102.5,13730,63084.5,20000
1714348803973226,63100.5,123890,63100.0,3250,63101.0,1000,63095.5,370,63101.5,81210,63091.5,29000,63102.0,19600,63088.5,6900,63102.5,13730,63084.5,20000
1714348803981620,63100.5,123890,63100.0,3250,63101.0,1000,63091.5,29000,63101.5,81210,63088.5,6900,63102.0,19600,63084.5,20000,63102.5,13730,63084.0,29000
1714348804031669,63100.5,127880,63100.0,3250,63101.0,1000,63091.5,29000,63101.5,81210,63088.5,6900,63102.0,19600,63084.5,20000,63102.5,13730,63084.0,29000
1714348804054462,63100.5,127880,63100.0,3250,63101.0,1000,63091.5,29000,63101.5,81210,63088.5,6900,63102.0,19600,63086.5,370,63102.5,13730,63084.5,20000
1714348804066193,63100.5,130860,63100.0,3250,63101.0,1000,63091.5,29000,63101.5,81210,63088.5,6900,63102.0,19600,63086.5,370,63102.5,13730,63084.5,20000
1714348804075668,63100.5,134850,63100.0,3250,63101.0,1000,63091.5,29000,63101.5,81210,63088.5,6900,63102.0,19600,63086.5,370,63102.5,13730,63084.5,20000
1714348804089825,63100.5,137820,63100.0,3250,63101.0,1000,63091.5,29000,63101.5,81210,63088.5,6900,63102.0,19600,63086.5,370,63102.5,13730,63084.5,20000
1714348804089851,63100.5,219030,63100.0,3250,63101.0,1000,63091.5,29000,63102.0,19600,63088.5,6900,63102.5,13730,63086.5,370,63103.5,600,63084.5,20000
1714348804089857,63100.5,219030,63100.0,3250,63101.0,1000,63091.5,29000,63102.0,19600,63088.5,6300,63102.5,13730,63086.5,370,63103.5,600,63084.5,20000
1714348804092677,63100.5,222010,63100.0,3250,63101.0,1000,63091.5,29000,63102.0,19600,63088.5,6300,63102.5,13730,63086.5,370,63103.5,600,63084.5,20000
1714348804094587,63100.5,224970,63100.0,3250,63101.0,1000,63091.5,29000,63102.0,19600,63088.5,6300,63102.5,13730,63086.5,370,63103.5,600,63084.5,20000
1714348804094613,63100.5,227940,63100.0,3250,63101.0,1000,63091.5,29000,63102.0,19600,63088.5,6300,63102.5,13730,63086.5,370,63103.5,600,63084.5,20000
1714348804142758,63100.5,230920,63100.0,3250,63101.0,1000,63091.5,29000,63102.0,19600,63088.5,6300,63102.5,13730,63086.5,370,63103.5,600,63084.5,20000
1714348804142763,63100.5,230920,63100.0,3250,63101.0,1000,63091.5,29000,63102.0,19600,63088.5,6300,63102.5,16560,63086.5,370,63103.5,600,63084.5,20000
1714348804172009,63100.5,230920,63100.0,3250,63101.0,1000,63091.5,29000,63102.0,19600,63088.5,6300,63102.5,16560,63086.5,370,63105.0,370,63084.5,20000
1714348804187510,63100.5,233890,63100.0,3250,63101.0,1000,63091.5,29000,63102.0,19600,63088.5,6300,63102.5,16560,63086.5,370,63105.0,370,63084.5,20000
1714348804245996,63100.5,233890,63100.0,3250,63101.0,1000,63091.5,29000,63102.0,19600,63086.5,370,63102.5,16560,63084.5,20000,63105.0,370,63084.0,29000
1714348804306328,63100.5,152680,63100.0,3250,63101.0,1000,63091.5,29000,63101.5,81210,63086.5,370,63102.0,19600,63084.5,20000,63102.5,16560,63084.0,29000
1714348804325048,63100.5,233890,63100.0,3250,63101.0,1000,63091.5,29000,63102.0,19600,63086.5,370,63102.5,16560,63084.5,20000,63105.0,370,63084.0,29000
1714348804436274,63100.5,152680,63100.0,3250,63101.0,1000,63091.5,29000,63101.5,81210,63086.5,370,63102.0,19600,63084.5,20000,63102.5,16560,63084.0,29000
1714348804451616,63100.5,152680,63100.0,3270,63101.0,1000,63091.5,29000,63101.5,81210,63086.5,370,63102.0,19600,63084.5,20000,63102.5,16560,63084.0,29000
1714348804476058,63100.5,172280,63100.0,3270,63101.0,1000,63091.5,29000,63101.5,81210,63086.5,370,63102.0,19600,63084.5,20000,63102.5,16560,63084.0,29000
1714348804476059,63100.5,172280,63100.0,3270,63101.0,20600,63091.5,29000,63101.5,81210,63086.5,370,63102.0,19600,63084.5,20000,63102.5,16560,63084.0,29000
1714348804480446,63100.5,172280,63100.0,3270,63101.0,20600,63091.5,29000,63102.0,19600,63086.5,370,63102.5,16560,63084.5,20000,63104.5,81210,63084.0,29000
1714348804525135,63100.5,148090,63100.0,3270,63101.0,20600,63091.5,29000,63101.5,24190,63086.5,370,63102.0,19600,63084.5,20000,63102.5,16560,63084.0,29000
1714348804535454,63100.5,172280,63100.0,3270,63101.0,20600,63091.5,29000,63102.0,19600,63086.5,370,63102.5,16560,63084.5,20000,63104.5,81210,63084.0,29000
1714348804699625,63100.5,172280,63100.0,3270,63101.0,20600,63091.5,29000,63102.0,100810,63086.5,370,63102.5,16560,63084.5,20000,63105.0,370,63084.0,29000
1714348804720647,63100.5,172280,63100.0,3270,63101.0,20600,63091.5,29000,63102.0,19600,63086.5,370,63102.5,16560,63084.5,20000,63104.5,81210,63084.0,29000
1714348804742681,63100.5,172280,63100.0,3270,63101.0,20600,63091.5,29000,63101.5,81210,63086.5,370,63102.0,19600,63084.5,20000,63102.5,16560,63084.0,29000
1714348804742688,63100.5,172280,63100.0,3270,63101.0,20600,63086.5,370,63101.5,81210,63084.5,20000,63102.0,19600,63084.0,29000,63102.5,16560,63081.0,56000
1714348804769227,63100.5,253490,63100.0,3270,63101.0,20600,63086.5,370,63102.0,19600,63084.5,20000,63102.5,16560,63084.0,29000,63105.0,370,63081.0,56000
1714348804784613,63100.5,253490,63100.0,3270,63101.0,20600,63084.5,20000,63102.0,19600,63084.0,29000,63102.5,16560,63081.0,56000,63105.0,370,63078.5,3990
1714348804784627,63100.5,253490,63100.0,3270,63101.0,20600,63084.0,29000,63102.0,19600,63081.5,20000,63102.5,16560,63081.0,56000,63105.0,370,63078.5,3990
1714348804858548,63100.5,253490,63100.0,3270,63101.0,20600,63084.0,29000,63102.0,19600,63081.5,20000,63102.5,16540,63081.0,56000,63105.0,370,63078.5,3990
1714348804879247,63100.5,253490,63100.0,3270,63101.0,20600,63089.5,370,63102.0,19600,63084.0,29000,63102.5,16540,63081.5,20000,63105.0,370,63081.0,56000
1714348804888738,63100.5,253490,63100.0,3270,63101.0,20600,63089.5,370,63102.0,19600,63084.0,29000,63102.5,6040,63081.5,20000,63105.0,370,63081.0,56000
1714348804888772,63100.5,253490,63100.0,3270,63101.0,20600,63089.5,370,63102.0,19600,63084.0,29000,63102.5,6040,63081.5,20000,63105.0,370,63077.5,3990
1714348804893683,63100.5,271410,63100.0,3270,63101.0,20600,63089.5,370,63102.0,19600,63084.0,29000,63102.5,6040,63081.5,20000,63105.0,370,63077.5,3990
1714348804903914,63100.5,271410,63100.0,3270,63101.0,20600,63084.0,29000,63102.0,19600,63081.5,20000,63102.5,6040,63077.5,3990,63105.0,370,63076.0,29000
1714348804912894,63100.5,271410,63100.0,3270,63101.0,20600,63084.0,29000,63102.0,19600,63081.5,20000,63102.5,6040,63076.0,29000,63105.0,370,63075.5,6300
1714348804930753,63100.5,271410,63100.0,3270,63101.0,20600,63084.0,29000,63102.0,19600,63076.5,20000,63102.5,6040,63076.0,29000,63105.0,370,63075.5,6300
1714348804935618,63100.5,271410,63100.0,10,63101.0,20600,63084.0,29000,63102.0,19600,63076.5,20000,63102.5,6040,63076.0,29000,63105.0,370,63075.5,6300
1714348804940453,63100.5,271410,63100.0,50,63101.0,20600,63084.0,29000,63102.0,19600,63076.5,20000,63102.5,6040,63076.0,29000,63105.0,370,63075.5,6300
1714348804949137,63100.5,271410,63100.0,50,63101.0,20600,63076.5,20000,63102.0,19600,63076.0,29000,63102.5,6040,63075.5,6300,63105.0,370,63075.0,50
1714348804963366,63100.0,10450,63076.5,20000,63100.5,271410,63076.0,29000,63101.0,20600,63075.5,6300,63102.0,19600,63075.0,50,63102.5,6040,63073.5,3990
1714348804963378,63100.0,10450,63076.0,49000,63100.5,271410,63075.5,6300,63101.0,20600,63075.0,50,63102.0,19600,63073.5,3990,63102.5,6040,63072.0,3990
1714348804971729,63099.5,19600,63076.0,49000,63100.0,10450,63075.5,6300,63100.5,271410,63075.0,50,63101.0,20600,63073.5,3990,63102.0,19600,63072.0,3990
1714348804984369,63097.0,29000,63076.0,49000,63099.5,19600,63075.5,6300,63100.0,10450,63075.0,50,63100.5,271410,63073.5,3990,63101.0,20600,63072.0,3990
1714348804984381,63094.0,29000,63076.0,49000,63097.0,29000,63075.5,6300,63099.5,19600,63075.0,50,63100.0,10450,63073.5,3990,63100.5,271410,63072.0,3990
1714348804994466,63094.0,29000,63076.0,49000,63097.0,29000,63075.5,6300,63099.5,19600,63075.0,50,63100.0,10450,63073.5,3990,63100.5,261410,63072.0,3990
1714348805006549,63094.0,29000,63076.0,49000,63096.0,25330,63075.5,6300,63097.0,29000,63075.0,50,63099.5,19600,63073.5,3990,63100.0,10450,63072.0,3990
1714348805006571,63094.0,29000,63076.0,49000,63096.0,25330,63075.5,6300,63097.0,48600,63075.0,50,63099.5,19600,63073.5,3990,63100.0,10450,63072.0,3990
1714348805011468,63094.0,48600,63076.0,49000,63096.0,25330,63075.5,6300,63097.0,48600,63075.0,50,63099.5,19600,63073.5,3990,63100.0,10450,63072.0,3990
1714348805014368,63094.0,77600,63076.0,49000,63096.0,25330,63075.5,6300,63097.0,48600,63075.0,50,63099.5,19600,63073.5,3990,63100.0,10450,63072.0,3990
1714348805030734,63094.0,77600,63076.0,49000,63096.0,25330,63075.5,6300,63097.0,48600,63075.0,50,63099.5,19600,63073.5,3990,63100.5,248370,63072.0,3990
1714348805040552,63094.0,77600,63076.5,370,63096.0,25330,63076.0,49000,63097.0,48600,63075.5,6300,63099.5,19600,63075.0,50,63100.5,248370,63073.5,3990
1714348805062245,63094.0,77600,63076.5,370,63096.0,25330,63076.0,49000,63097.0,48600,63075.5,6300,63099.5,19600,63075.0,50,63100.5,245400,63073.5,3990
1714348805062255,63093.5,8480,63076.5,370,63094.0,77600,63076.0,49000,63096.0,25330,63075.5,6300,63097.0,48600,63075.0,50,63099.5,19600,63073.5,3990
1714348805076832,63091.5,3990,63076.5,370,63093.5,8480,63076.0,49000,63094.0,77600,63075.5,6300,63096.0,25330,63075.0,50,63097.0,48600,63073.5,3990
1714348805076848,63091.5,3990,63076.5,370,63093.5,8480,63076.0,29000,63094.0,77600,63075.5,6300,63096.0,25330,63075.0,50,63097.0,48600,63073.5,3990
1714348805076900,63091.5,3990,63076.5,370,63093.5,8480,63076.0,29000,63094.0,77600,63075.5,6300,63097.0,48600,63075.0,50,63099.5,19600,63073.5,3990
1714348805096795,63091.5,3990,63076.5,370,63093.5,8480,63076.0,29000,63094.0,77600,63075.5,6300,63097.0,48600,63075.0,50,63098.0,370,63073.5,3990
1714348805120703,63091.5,3990,63082.5,29000,63093.5,8480,63076.5,370,63094.0,77600,63076.0,29000,63097.0,48600,63075.5,6300,63098.0,370,63075.0,50
1714348805120719,63090.5,4800,63082.5,29000,63091.5,3990,63076.5,370,63093.5,8480,63076.0,29000,63094.0,77600,63075.5,6300,63097.0,48600,63075.0,50
1714348805145726,63090.5,4800,63082.5,29000,63091.5,3990,63076.5,370,63094.0,77600,63076.0,29000,63097.0,48600,63075.5,6300,63098.0,370,63075.0,50
1714348805145934,63083.0,10,63082.5,29000,63090.5,4800,63076.5,370,63091.5,3990,63076.0,29000,63094.0,77600,63075.5,6300,63097.0,48600,63075.0,50
1714348805145945,63083.0,10,63082.5,29000,63090.5,4800,63076.5,370,63091.5,3990,63076.0,29000,63093.0,15000,63075.5,6300,63094.0,77600,63075.0,50
1714348805145981,63083.0,10,63082.5,29000,63087.5,29000,63076.5,370,63090.5,4800,63076.0,29000,63091.5,3990,63075.5,6300,63093.0,15000,63075.0,50
1714348805167461,63083.0,10,63082.5,29000,63087.5,29000,63076.5,370,63090.5,4800,63076.0,29000,63091.5,7980,63075.5,6300,63093.0,15000,63075.0,50
1714348805167468,63083.0,10,63082.5,29040,63087.5,29000,63076.5,370,63090.5,4800,63076.0,29000,63091.5,7980,63075.5,6300,63093.0,15000,63075.0,50
1714348805167481,63083.0,37510,63082.5,29040,63087.5,29000,63076.5,370,63090.5,4800,63076.0,29000,63091.5,7980,63075.5,6300,63093.0,15000,63075.0,50
1714348805167495,63083.0,37510,63082.5,29040,63087.5,29000,63076.5,370,63091.5,7980,63076.0,29000,63093.0,15000,63075.5,6300,63094.0,77600,63075.0,50
1714348805167506,63083.0,37510,63082.5,29040,63087.5,29000,63076.5,370,63091.5,7980,63076.0,29000,63093.0,15000,63075.5,6300,63093.5,6050,63075.0,50
1714348805176765,63083.0,37510,63082.5,29040,63087.5,29000,63076.5,370,63091.0,29000,63076.0,29000,63091.5,7980,63075.5,6300,63093.0,15000,63075.0,50
1714348805204547,63083.0,37510,63082.5,29040,63087.5,29000,63076.5,370,63091.0,29000,63076.0,29000,63091.5,7980,63075.5,6300,63093.5,6050,63075.0,50
1714348805204917,63083.0,37510,63082.5,29040,63087.5,29000,63076.5,370,63091.0,29000,63076.0,29000,63091.5,7980,63075.5,6300,63093.5,24010,63075.0,50
1714348805204965,63083.0,66510,63082.5,29040,63087.5,29000,63076.5,370,63091.0,29000,63076.0,29000,63091.5,7980,63075.5,6300,63093.5,24010,63075.0,50
1714348805221832,63083.0,66510,63082.5,29040,63087.5,29000,63076.5,370,63088.0,15000,63076.0,29000,63091.0,29000,63075.5,6300,63091.5,7980,63075.0,50
1714348805221847,63083.0,66510,63082.5,29040,63085.5,3990,63076.5,370,63087.5,29000,63076.0,29000,63088.0,15000,63075.5,6300,63091.0,29000,63075.0,50
1714348805245403,63083.0,66510,63082.5,40,63085.5,3990,63076.5,370,63087.5,29000,63076.0,29000,63088.0,15000,63075.5,6300,63091.0,29000,63075.0,50
1714348805256633,63083.0,66510,63082.5,40,63084.0,10500,63076.5,370,63085.5,3990,63076.0,29000,63087.5,29000,63075.5,6300,63088.0,15000,63075.0,50
1714348805296093,63083.0,66510,63082.5,40,63084.0,10500,63076.0,29000,63085.5,3990,63075.5,6300,63087.5,29000,63075.0,50,63088.0,15000,63073.5,600
1714348805340754,63083.0,66510,63082.5,40,63084.0,10500,63076.0,29000,63085.5,3990,63075.5,6300,63087.0,24190,63075.0,50,63087.5,29000,63073.5,600
1714348805340766,63083.0,66510,63082.5,40,63084.0,10500,63076.0,29000,63085.5,3990,63075.5,6300,63087.0,24190,63075.0,50,63087.5,29000,63071.5,90
1714348805340789,63083.0,66510,63082.5,40,63084.0,10500,63076.0,29000,63085.5,3990,63075.5,6300,63087.0,105400,63075.0,50,63087.5,29000,63071.5,90
1714348805340795,63083.0,66510,63082.5,40,63084.0,10500,63076.0,29000,63085.5,7980,63075.5,6300,63087.0,105400,63075.0,50,63087.5,29000,63071.5,90
1714348805349809,63083.0,66510,63082.5,40,63084.0,10500,63076.0,29000,63085.5,7980,63075.5,6300,63087.0,111440,63075.0,50,63087.5,29000,63071.5,90
1714348805366530,63083.0,72560,63082.5,40,63084.0,10500,63076.0,29000,63085.5,7980,63075.5,6300,63087.0,111440,63075.0,50,63087.5,29000,63071.5,90
1714348805366905,63083.0,96750,63082.5,40,63084.0,10500,63076.0,29000,63085.5,7980,63075.5,6300,63087.0,87250,63075.0,50,63087.5,29000,63071.5,90
1714348805392454,63083.0,102790,63082.5,40,63084.0,10500,63076.0,29000,63085.5,7980,63075.5,6300,63087.0,81210,63075.0,50,63087.5,29000,63071.5,90
1714348805401546,63083.0,108830,63082.5,40,63084.0,10500,63076.0,29000,63085.5,7980,63075.5,6300,63087.0,81210,63075.0,50,63087.5,29000,63071.5,90
1714348805413956,63083.0,108830,63082.5,40,63084.0,10500,63077.5,370,63085.5,7980,63076.0,29000,63087.0,81210,63075.5,6300,63087.5,29000,63075.0,50
1714348805413987,63083.0,84640,63082.5,40,63084.0,10500,63077.5,370,63085.0,24190,63076.0,29000,63085.5,7980,63075.5,6300,63087.0,81210,63075.0,50
1714348805414192,63083.0,84640,63082.5,40,63084.0,10500,63076.0,29000,63085.0,24190,63075.5,6300,63085.5,7980,63075.0,50,63087.0,81210,63069.5,20000
1714348805430057,63083.0,84640,63082.5,40,63084.0,10500,63075.5,6300,63085.0,24190,63075.0,50,63085.5,7980,63069.5,20000,63087.0,81210,63069.0,56000
1714348805436753,63083.0,84640,63082.5,40,63084.0,10500,63075.5,6300,63085.0,24190,63075.0,50,63085.5,7980,63069.5,20000,63087.5,29000,63069.0,56000
1714348805436958,63083.0,84640,63082.5,40,63083.5,24190,63075.5,6300,63084.0,10500,63075.0,50,63085.5,7980,63069.5,20000,63087.5,29000,63069.0,56000
1714348805460704,63083.0,84640,63082.5,40,63083.5,24190,63075.5,6300,63084.0,10500,63075.0,50,63085.5,7980,63069.5,20000,63087.5,29000,63067.0,32990
1714348805494573,63083.0,108830,63082.5,40,63084.0,10500,63075.5,6300,63085.5,7980,63075.0,50,63087.5,29000,63069.5,20000,63088.0,15000,63067.0,32990
1714348805508476,63083.0,108830,63082.5,40,63084.0,10500,63075.5,6300,63085.5,7980,63075.0,50,63087.0,81210,63069.5,20000,63087.5,29000,63067.0,32990
1714348805519896,63083.0,118830,63082.5,40,63084.0,10500,63075.5,6300,63085.5,7980,63075.0,50,63087.0,81210,63069.5,20000,63087.5,29000,63067.0,32990
1714348805571864,63083.0,118830,63082.5,40,63084.0,10500,63075.5,6300,63085.5,7980,63075.0,50,63087.0,81210,63067.0,32990,63087.5,29000,63063.5,20000
1714348805615377,63083.0,118830,63082.5,40,63084.0,10500,63075.5,6300,63085.0,81210,63075.0,50,63085.5,7980,63067.0,32990,63087.5,29000,63063.5,20000
1714348805629695,63083.0,118830,63082.5,40,63084.0,10500,63075.5,6300,63085.0,81210,63075.0,50,63085.5,7980,63067.0,32990,63087.5,29000,63063.5,26040
1714348805629708,63083.0,118830,63082.5,40,63084.0,10500,63075.0,50,63085.0,81210,63067.0,32990,63085.5,7980,63064.5,6300,63087.5,29000,63063.5,26040
1714348805670866,63083.0,118830,63082.5,40,63084.0,10500,63075.0,50,63085.0,81210,63074.0,370,63085.5,7980,63067.0,32990,63087.5,29000,63064.5,6300
1714348805670925,63083.0,118830,63082.5,40,63084.0,10500,63075.0,50,63085.5,7980,63074.0,370,63087.0,81210,63067.0,32990,63087.5,29000,63064.5,6300
1714348805670943,63083.0,118830,63082.5,40,63084.0,10500,63075.0,50,63085.5,7980,63074.0,370,63087.0,81210,63067.0,29000,63087.5,29000,63064.5,6300
1714348805725655,63083.0,118830,63082.5,40,63084.0,10500,63075.0,50,63085.0,81210,63074.0,370,63085.5,7980,63067.0,29000,63087.5,29000,63064.5,6300
1714348805826474,63083.0,118830,63082.5,40,63084.0,10500,63075.0,50,63085.0,81210,63067.0,29000,63085.5,7980,63064.5,6300,63087.5,29000,63063.0,14040
1714348805839979,63083.0,136790,63082.5,40,63084.0,10500,63075.0,50,63085.0,81210,63067.0,29000,63085.5,7980,63064.5,6300,63087.5,29000,63063.0,14040
1714348805873473,63083.0,136790,63082.5,40,63084.0,10500,63075.0,50,63085.0,81210,63067.0,29000,63085.5,7980,63064.5,6300,63087.5,29000,63063.0,4040
1714348805900295,63083.0,136790,63082.5,40,63084.0,10500,63075.0,50,63085.0,81210,63067.0,29000,63085.5,7980,63064.5,6300,63087.5,29000,63063.0,50
1714348805900305,63083.0,136790,63082.5,40,63084.0,10500,63075.0,50,63085.0,81210,63072.5,370,63085.5,7980,63067.0,29000,63087.5,29000,63064.5,6300
1714348805908924,63083.0,218000,63082.5,40,63084.0,10500,63075.0,50,63085.5,7980,63072.5,370,63087.5,29000,63067.0,29000,63088.0,15000,63064.5,6300
1714348805933067,63083.0,218000,63082.5,40,63084.0,10500,63075.0,50,63085.5,7980,63067.0,29000,63087.5,29000,63064.5,6300,63088.0,15000,63063.0,50
1714348806025124,63083.0,233000,63082.5,40,63084.0,10500,63075.0,50,63085.5,7980,63067.0,29000,63087.5,29000,63064.5,6300,63088.0,15000,63063.0,50
1714348806025150,63083.0,233000,63075.0,50,63084.0,10500,63067.0,29000,63085.5,7980,63064.5,6300,63087.5,29000,63063.0,50,63088.0,15000,63058.5,20000
1714348806025158,63083.0,233000,63075.0,50,63084.0,10500,63064.5,6300,63085.5,7980,63063.0,50,63087.5,29000,63058.5,20000,63088.0,15000,63057.5,12080
1714348806041861,63083.0,233000,63075.0,50,63084.0,10500,63064.5,6300,63085.5,7980,63063.0,50,63087.5,29000,63058.5,20000,63091.0,29000,63057.5,12080
1714348806066606,63083.0,233000,63075.0,50,63084.0,10500,63064.5,6300,63085.5,7980,63063.0,50,63087.5,29000,63058.5,20000,63091.0,29000,63057.5,6040
1714348806066935,63083.0,233000,63075.0,50,63084.0,10500,63064.5,6300,63085.5,7980,63063.0,50,63087.5,29000,63058.5,20000,63091.0,29000,63057.0,92520
1714348806108871,63082.5,19600,63075.0,50,63083.0,233000,63064.5,6300,63084.0,10500,63063.0,50,63085.5,7980,63058.5,20000,63087.5,29000,63057.0,92520
1714348806108893,63079.5,37500,63075.0,50,63082.5,19600,63064.5,6300,63083.0,233000,63063.0,50,63084.0,10500,63058.5,20000,63085.5,7980,63057.0,92520
1714348806108913,63079.5,37500,63075.0,50,63082.5,19970,63064.5,6300,63083.0,233000,63063.0,50,63084.0,10500,63058.5,20000,63085.5,7980,63057.0,92520
1714348806125630,63075.5,3990,63075.0,50,63079.5,37500,63064.5,6300,63082.5,19970,63063.0,50,63083.0,233000,63058.5,20000,63084.0,10500,63057.0,92520
1714348806170827,63075.5,3990,63075.0,50,63079.5,37500,63064.5,6300,63082.5,19970,63063.0,50,63083.0,195500,63058.5,20000,63084.0,10500,63057.0,92520
1714348806170857,63075.5,13990,63075.0,50,63079.5,37500,63064.5,6300,63082.5,19970,63063.0,50,63083.0,195500,63058.5,20000,63084.0,10500,63057.0,92520
1714348806192426,63075.5,13990,63075.0,50,63079.5,37500,63064.5,6300,63082.5,19970,63063.0,50,63083.0,195500,63057.5,20000,63084.0,10500,63057.0,92520
1714348806192433,63075.5,13990,63075.0,50,63077.0,29000,63064.5,6300,63079.5,37500,63063.0,50,63082.5,19970,63057.5,20000,63083.0,195500,63057.0,92520
1714348806192454,63075.5,13990,63075.0,50,63077.0,29000,63064.5,6300,63079.5,37500,63063.0,50,63082.5,19970,63057.5,20000,63083.0,189460,63057.0,92520
1714348806216324,63075.5,13990,63075.0,50,63077.0,29000,63064.5,6300,63079.5,37500,63063.0,50,63082.5,19970,63057.5,20000,63083.0,183420,63057.0,92520
1714348806216331,63075.5,13990,63075.0,50,63077.0,29000,63064.5,6300,63079.5,37500,63063.0,50,63082.5,19970,63057.5,20000,63083.0,159230,63057.0,92520
1714348806216337,63075.5,13990,63075.0,50,63077.0,29000,63064.5,6300,63079.5,37500,63063.0,50,63082.5,19970,63057.5,20000,63083.0,153180,63057.0,92520
1714348806226944,63075.5,13990,63075.0,50,63077.0,29000,63064.5,6300,63079.5,37500,63063.0,50,63082.5,19970,63057.5,20000,63083.0,156140,63057.0,92520
1714348806248104,63075.5,13990,63075.0,50,63077.0,29000,63064.5,6300,63079.0,9610,63063.0,50,63079.5,37500,63057.5,20000,63082.5,19970,63057.0,92520
1714348806248112,63075.5,13990,63075.0,50,63077.0,29000,63064.5,6300,63079.0,9610,63063.0,50,63079.5,66500,63057.5,20000,63082.5,19970,63057.0,92520
1714348806248118,63075.5,13990,63075.0,50,63077.0,29000,63064.5,6300,63079.0,9610,63063.0,50,63079.5,66500,63057.5,20000,63082.5,19970,63057.0,36520
1714348806248122,63075.5,13990,63075.0,50,63077.0,29000,63064.5,6300,63079.0,9610,63063.0,50,63079.5,86100,63057.5,20000,63082.5,19970,63057.0,36520
1714348806248129,63075.5,13990,63075.0,50,63077.0,29000,63064.5,6300,63079.0,9610,63063.0,50,63079.5,48600,63057.5,20000,63082.5,19970,63057.0,36520
1714348806248413,63075.5,33590,63075.0,50,63077.0,29000,63064.5,6300,63079.0,9610,63063.0,50,63079.5,48600,63057.5,20000,63082.5,19970,63057.0,36520
1714348806268803,63075.5,33590,63075.0,50,63077.0,29000,63063.0,50,63079.0,9610,63057.5,20000,63079.5,48600,63057.0,36520,63082.5,19970,63054.0,90
1714348806273388,63075.5,33590,63075.0,50,63077.0,29000,63063.0,50,63079.0,9610,63057.5,20000,63079.5,51580,63057.0,36520,63082.5,19970,63054.0,90
1714348806273395,63075.5,33590,63075.0,50,63076.0,15000,63063.0,50,63077.0,29000,63057.5,20000,63079.0,9610,63057.0,36520,63079.5,51580,63054.0,90
1714348806315292,63075.5,33600,63075.0,50,63076.0,15000,63063.0,50,63077.0,29000,63057.5,20000,63079.0,9610,63057.0,36520,63079.5,51580,63054.0,90
1714348806315302,63075.5,33600,63075.0,50,63076.0,15000,63063.0,50,63077.0,29000,63058.5,370,63079.0,9610,63057.5,20000,63079.5,51580,63057.0,36520
1714348806345076,63075.5,71100,63075.0,50,63076.0,15000,63063.0,50,63077.0,29000,63058.5,370,63079.0,9610,63057.5,20000,63079.5,51580,63057.0,36520
1714348806350702,63075.5,71100,63075.0,50,63076.0,15000,63063.0,50,63077.0,29000,63058.5,370,63079.5,51580,63057.5,20000,63082.5,19970,63057.0,36520
1714348806360735,63075.5,71100,63075.0,50,63076.0,15000,63063.0,50,63077.0,29000,63058.5,370,63079.5,51580,63057.5,20000,63082.0,18080,63057.0,36520
1714348806360767,63075.5,71100,63075.0,50,63076.0,15000,63063.0,50,63077.0,29000,63058.5,370,63079.5,51580,63057.0,36520,63082.0,18080,63054.0,90
1714348806404096,63075.5,86100,63075.0,50,63076.0,15000,63063.0,50,63077.0,29000,63058.5,370,63079.5,51580,63057.0,36520,63082.0,18080,63054.0,90
1714348806404343,63075.5,86100,63075.0,50,63077.0,29000,63063.0,50,63079.5,51580,63058.5,370,63082.0,18080,63057.0,36520,63082.5,19970,63054.0,90
1714348806404396,63075.5,86100,63075.0,50,63077.0,29000,63063.0,50,63079.5,48600,63058.5,370,63082.0,18080,63057.0,36520,63082.5,19970,63054.0,90
1714348806422874,63075.5,86100,63075.0,50,63077.0,29000,63063.0,50,63079.5,48600,63058.5,370,63082.0,18080,63057.0,36520,63082.5,26010,63054.0,90
1714348806423172,63075.5,86100,63075.0,50,63077.0,29000,63063.0,50,63079.5,48600,63058.5,370,63082.0,18080,63057.0,36520,63082.5,50200,63054.0,90
1714348806423203,63075.5,86100,63075.0,50,63077.0,29000,63063.0,50,63079.5,48600,63058.5,370,63082.0,18080,63057.0,36520,63082.5,56250,63054.0,90
1714348806433706,63075.5,86100,63075.0,50,63077.0,29000,63063.0,50,63079.5,48600,63058.5,370,63082.0,18080,63057.0,36520,63082.5,62290,63054.0,90
1714348806433731,63075.5,96600,63075.0,50,63077.0,29000,63063.0,50,63079.5,48600,63058.5,370,63082.0,18080,63057.0,36520,63082.5,62290,63054.0,90
1714348806433735,63075.5,92610,63075.0,50,63077.0,29000,63063.0,50,63079.5,48600,63058.5,370,63082.0,18080,63057.0,36520,63082.5,62290,63054.0,90
1714348806434031,63075.5,121610,63075.0,50,63077.0,29000,63063.0,50,63079.5,48600,63058.5,370,63082.0,18080,63057.0,36520,63082.5,62290,63054.0,90
1714348806434052,63075.5,121610,63075.0,50,63077.0,29000,63063.0,50,63079.5,48600,63058.5,370,63082.0,18080,63057.0,36520,63082.5,61920,63054.0,90
1714348806434060,63075.5,121610,63075.0,50,63077.0,29000,63063.0,50,63079.5,48600,63058.5,370,63082.0,18080,63057.0,36520,63082.5,61920,63054.5,3990
1714348806440370,63075.5,121610,63075.0,50,63077.0,29000,63063.0,50,63079.5,48600,63058.5,370,63082.5,61920,63057.0,36520,63083.0,29000,63054.5,3990
1714348806455501,63075.5,84110,63075.0,50,63077.0,29000,63063.0,50,63079.5,48600,63058.5,370,63082.5,61920,63057.0,36520,63083.0,29000,63054.5,3990
1714348806466095,63075.5,84110,63075.0,50,63079.5,48600,63063.0,50,63082.5,61920,63058.5,370,63083.0,29000,63057.0,36520,63085.5,3990,63054.5,3990
1714348806466134,63075.5,84110,63075.0,50,63079.0,81210,63063.0,50,63079.5,48600,63058.5,370,63082.5,61920,63057.0,36520,63083.0,29000,63054.5,3990
1714348806466165,63075.5,84110,63075.0,50,63079.0,81210,63063.0,50,63079.5,48600,63058.5,370,63082.5,61920,63057.0,36520,63085.5,3990,63054.5,3990
1714348806466401,63075.5,84110,63075.0,50,63079.0,100810,63063.0,50,63079.5,48600,63058.5,370,63082.5,61920,63057.0,36520,63085.5,3990,63054.5,3990
1714348806466417,63075.5,90160,63075.0,50,63079.0,100810,63063.0,50,63079.5,48600,63058.5,370,63082.5,55880,63057.0,36520,63085.5,3990,63054.5,3990
1714348806466432,63075.5,90160,63075.0,50,63079.0,100810,63063.0,50,63079.5,48600,63058.5,370,63082.5,55880,63058.0,6040,63085.5,3990,63057.0,36520
1714348806471998,63075.5,96210,63075.0,50,63079.0,100810,63063.0,50,63079.5,48600,63058.5,370,63082.5,49830,63058.0,6040,63085.5,3990,63057.0,36520
1714348806472004,63075.5,96210,63075.0,50,63079.0,100810,63063.0,50,63079.5,29000,63058.5,370,63082.5,49830,63058.0,6040,63085.5,3990,63057.0,36520
1714348806472012,63075.5,96210,63075.0,50,63079.0,100810,63063.0,50,63079.5,29000,63058.5,370,63082.5,49830,63058.0,30220,63085.5,3990,63057.0,36520
1714348806502513,63075.5,133710,63075.0,50,63079.0,100810,63063.0,50,63079.5,29000,63058.5,370,63082.5,49830,63058.0,30220,63085.5,3990,63057.0,36520
1714348806502756,63075.5,133710,63075.0,50,63079.0,100810,63063.0,50,63079.5,29000,63058.5,370,63082.5,49830,63058.0,30220,63087.5,29000,63057.0,36520
1714348806502771,63075.5,133710,63075.0,50,63079.0,100810,63063.0,50,63079.5,29000,63058.5,370,63082.5,49830,63058.0,36260,63087.5,29000,63057.0,36520
1714348806503610,63075.5,139750,63075.0,50,63079.0,100810,63063.0,50,63079.5,29000,63058.5,370,63082.5,43790,63058.0,36260,63087.5,29000,63057.0,36520
1714348806503611,63075.5,139750,63075.0,50,63079.0,125000,63063.0,50,63079.5,29000,63058.5,370,63082.5,19600,63058.0,36260,63087.5,29000,63057.0,36520
1714348806503622,63075.5,139750,63075.0,50,63079.0,125000,63063.0,50,63079.5,29000,63058.5,370,63082.5,19600,63058.0,42300,63087.5,29000,63057.0,36520
1714348806531367,63075.5,140120,63075.0,50,63079.0,125000,63063.0,50,63079.5,29000,63058.5,370,63082.5,19600,63058.0,42300,63087.5,29000,63057.0,36520
1714348806531387,63075.5,140120,63075.0,50,63079.0,125000,63063.0,50,63079.5,29000,63058.5,4360,63082.5,19600,63058.0,42300,63087.5,29000,63057.0,36520
1714348806532532,63075.5,140120,63075.0,50,63079.0,125000,63063.0,50,63079.5,29000,63058.5,4360,63082.5,19600,63058.0,36260,63087.5,29000,63057.0,36520
1714348806532564,63075.5,140120,63075.0,50,63079.0,125000,63063.0,50,63079.5,32990,63058.5,4360,63082.5,19600,63058.0,36260,63087.5,29000,63057.0,36520
1714348806538221,63075.5,140120,63075.0,50,63079.0,125000,63063.0,50,63079.5,32990,63058.5,4360,63082.5,19600,63058.0,12080,63087.5,29000,63057.0,36520
1714348806538251,63075.5,140120,63075.0,50,63079.0,125000,63063.0,50,63079.5,36980,63058.5,4360,63082.5,19600,63058.0,12080,63087.5,29000,63057.0,36520
1714348806538264,63075.5,140120,63075.0,50,63079.0,125000,63063.0,50,63079.5,36980,63058.5,4360,63082.5,19600,63058.0,6040,63087.5,29000,63057.0,36520
1714348806538281,63075.5,140120,63075.0,50,63079.0,125000,63063.0,50,63079.5,36980,63058.5,4360,63082.5,19600,63057.5,6040,63087.5,29000,63057.0,36520
1714348806538310,63075.5,164310,63075.0,50,63079.0,100810,63063.0,50,63079.5,36980,63058.5,4360,63082.5,19600,63057.5,6040,63087.5,29000,63057.0,36520
1714348806538389,63075.5,164310,63075.0,50,63079.0,19600,63063.0,50,63079.5,36980,63058.5,4360,63081.5,81210,63057.5,6040,63082.5,19600,63057.0,36520
1714348806538879,63075.5,140120,63075.0,50,63076.5,24190,63063.0,50,63079.0,19600,63058.5,4360,63079.5,36980,63057.5,6040,63081.5,81210,63057.0,36520
1714348806544866,63075.5,140120,63075.0,50,63076.5,24190,63063.0,50,63079.0,19600,63058.5,4360,63079.5,36980,63057.5,12080,63081.5,81210,63057.0,36520
1714348806544887,63075.5,139750,63075.0,50,63076.5,24190,63063.0,50,63079.0,19600,63058.5,4360,63079.5,36980,63057.5,12080,63081.5,81210,63057.0,36520
1714348806544899,63075.5,139750,63075.0,50,63076.5,24190,63063.0,50,63079.0,19600,63059.0,6040,63079.5,36980,63058.5,4360,63081.5,81210,63057.5,6040
1714348806562329,63075.5,139750,63075.0,50,63076.5,24190,63063.0,50,63079.0,19600,63059.0,6040,63079.5,36980,63058.5,4360,63081.5,81210,63057.0,36520
1714348806562335,63075.5,139750,63075.0,50,63076.5,24190,63063.0,50,63079.0,19600,63058.5,4360,63079.5,36980,63057.5,6040,63081.5,81210,63057.0,36520
1714348806562610,63075.5,163940,63075.0,50,63079.0,19600,63063.0,50,63079.5,36980,63058.5,4360,63081.5,81210,63057.5,6040,63082.5,20200,63057.0,36520
1714348806587063,63075.5,163940,63075.0,50,63079.0,19600,63063.0,50,63079.5,36980,63058.5,4360,63081.5,81210,63057.5,12080,63082.5,20200,63057.0,36520
1714348806598142,63075.5,139750,63075.0,50,63076.5,24190,63063.0,50,63079.0,19600,63058.5,4360,63079.5,36980,63057.5,12080,63081.5,81210,63057.0,36520
1714348806619805,63075.5,140120,63075.0,50,63076.5,24190,63063.0,50,63079.0,19600,63058.5,4360,63079.5,36980,63057.5,12080,63081.5,81210,63057.0,36520
1714348806625040,63075.5,140120,63075.0,50,63078.5,24190,63063.0,50,63079.0,19600,63058.5,4360,63079.5,36980,63057.5,12080,63081.5,81210,63057.0,36520
1714348806630390,63075.5,140120,63075.0,50,63078.5,24190,63063.0,50,63079.0,19600,63058.5,4360,63079.5,36980,63057.5,6040,63081.5,81210,63057.0,36520
1714348806630406,63075.5,140120,63075.0,50,63078.5,24190,63063.0,50,63079.0,19600,63058.5,10400,63079.5,36980,63057.0,36520,63081.5,81210,63055.0,30220
1714348806630407,63075.5,140120,63075.0,50,63078.5,24190,63063.0,50,63079.0,100810,63058.5,10400,63079.5,36980,63057.0,36520,63082.5,20200,63055.0,30220
1714348806638740,63075.5,140120,63075.0,50,63078.5,24190,63063.0,50,63079.0,100810,63058.5,10400,63079.5,36980,63057.0,36520,63082.5,20200,63055.0,24180
1714348806638765,63075.5,140120,63075.0,50,63078.5,24190,63063.0,50,63079.0,100810,63058.5,10400,63079.5,36980,63057.0,36520,63082.5,20200,63054.5,4590
1714348806645207,63075.5,140120,63075.0,50,63078.5,24190,63063.0,50,63079.0,100810,63058.5,4360,63079.5,36980,63057.5,6040,63082.5,20200,63057.0,36520
1714348806648739,63075.5,140120,63075.0,50,63078.5,24190,63063.0,50,63079.0,100810,63058.5,4360,63079.5,36980,63057.0,36520,63082.5,20200,63055.0,12080
1714348806661843,63075.5,140120,63075.0,50,63078.5,24190,63063.0,50,63079.0,100810,63058.5,4360,63079.5,36980,63057.5,6040,63082.5,20200,63057.0,36520
1714348806682467,63075.5,140120,63075.0,50,63078.5,24190,63063.0,50,63079.0,100810,63058.5,4360,63079.5,36980,63057.0,36520,63082.5,20200,63055.5,20000
1714348806700963,63075.5,164310,63075.0,50,63079.0,100810,63063.0,50,63079.5,36980,63058.5,4360,63082.5,20200,63057.0,36520,63083.0,1460,63055.5,20000
1714348806700976,63075.5,193310,63075.0,50,63079.0,100810,63063.0,50,63079.5,36980,63058.5,4360,63082.5,20200,63057.0,36520,63083.0,1460,63055.5,20000
1714348806738487,63075.5,193310,63075.0,50,63079.0,100810,63063.0,50,63079.5,36980,63058.5,4360,63082.5,20200,63057.0,36520,63083.0,1460,63055.0,12080
1714348806754698,63075.5,169120,63075.0,50,63078.5,24190,63063.0,50,63079.0,100810,63058.5,4360,63079.5,36980,63057.0,36520,63082.5,20200,63055.0,12080
1714348806767056,63075.5,193310,63075.0,50,63079.0,100810,63063.0,50,63079.5,36980,63058.5,4360,63082.5,20200,63057.0,36520,63083.0,1460,63055.0,12080
1714348806797999,63075.5,193310,63075.0,50,63079.0,100810,63063.0,50,63079.5,36980,63058.5,4360,63082.5,20200,63057.5,6040,63083.0,1460,63057.0,36520
1714348806801784,63075.5,169120,63075.0,50,63078.5,24190,63063.0,50,63079.0,100810,63058.5,4360,63079.5,36980,63057.5,6040,63082.5,20200,63057.0,36520
1714348806819818,63075.5,169120,63075.0,50,63078.5,24190,63063.0,50,63079.0,100810,63058.5,4360,63079.5,36980,63057.0,36520,63082.5,20200,63055.5,6040
1714348806842067,63075.5,193310,63075.0,50,63079.0,100810,63063.0,50,63079.5,36980,63058.5,4360,63082.5,20200,63057.0,36520,63083.0,1460,63055.5,6040
1714348806861509,63075.5,193310,63075.0,50,63078.5,19500,63063.0,50,63079.0,100810,63058.5,4360,63079.5,36980,63057.0,36520,63082.5,20200,63055.5,6040
1714348806912887,63075.5,193310,63075.0,50,63078.5,19500,63063.0,50,63079.0,100810,63058.5,4360,63079.5,36980,63057.0,36520,63082.5,20200,63055.0,6040
1714348807028845,63075.5,169120,63075.0,50,63078.0,24190,63063.0,50,63078.5,19500,63058.5,4360,63079.0,100810,63057.0,36520,63079.5,36980,63055.0,6040
1714348807057696,63075.5,169120,63075.0,50,63078.0,24190,63063.0,50,63078.5,19500,63058.5,4360,63079.0,100810,63057.0,36520,63079.5,36980,63056.0,6040
1714348807130011,63075.5,169120,63075.0,50,63078.0,24190,63063.0,50,63078.5,19500,63058.5,4360,63079.0,100810,63057.0,36520,63079.5,36980,63055.5,6040
1714348807220616,63075.5,140120,63075.0,50,63078.0,24190,63063.0,50,63078.5,19500,63058.5,4360,63079.0,100810,63057.0,36520,63079.5,36980,63055.5,6040
1714348807220630,63075.5,140120,63075.0,50,63078.0,24190,63063.0,50,63078.5,19500,63058.5,4360,63079.0,100810,63057.0,36520,63079.5,36980,63056.5,6040
1714348807244344,63075.5,164310,63075.0,50,63078.5,19500,63063.0,50,63079.0,100810,63058.5,4360,63079.5,36980,63057.0,36520,63082.5,20200,63056.5,6040
1714348807244379,63075.5,164310,63075.0,29050,63078.5,19500,63063.0,50,63079.0,100810,63058.5,4360,63079.5,36980,63057.0,36520,63082.5,20200,63056.5,6040
1714348807249375,63075.5,135310,63075.0,29050,63078.5,19500,63063.0,50,63079.0,100810,63058.5,4360,63079.5,36980,63057.0,36520,63082.5,20200,63056.5,6040
1714348807249400,63075.5,134940,63075.0,29050,63078.5,19500,63063.0,50,63079.0,100810,63058.5,4360,63079.5,36980,63057.0,36520,63082.5,20200,63056.5,6040
1714348807249408,63075.5,134940,63075.0,29050,63078.5,19500,63063.0,50,63079.0,100810,63058.5,4360,63079.5,36980,63057.5,6040,63082.5,20200,63057.0,36520
1714348807249425,63075.5,134940,63075.0,58050,63078.5,19500,63063.0,50,63079.0,100810,63058.5,4360,63079.5,36980,63057.5,6040,63082.5,20200,63057.0,36520
1714348807249658,63075.5,134940,63075.0,58050,63078.5,19500,63063.0,50,63079.0,100810,63059.0,6040,63079.5,36980,63058.5,4360,63082.5,20200,63057.5,6040
1714348807264308,63075.5,134940,63075.0,58050,63078.5,19500,63063.0,50,63079.0,19600,63059.0,6040,63079.5,36980,63058.5,4360,63082.0,81210,63057.5,6040
1714348807264336,63075.5,110750,63075.0,58050,63078.0,24190,63063.0,50,63078.5,19500,63059.0,6040,63079.0,19600,63058.5,4360,63079.5,36980,63057.5,6040
1714348807294513,63075.5,110750,63075.0,58050,63078.0,24190,63063.0,50,63078.5,19500,63059.0,12080,63079.0,19600,63058.5,4360,63079.5,36980,63057.5,6040
1714348807294523,63075.5,110750,63075.0,58050,63078.0,24190,63063.0,50,63078.5,19500,63059.0,18120,63079.0,19600,63058.5,4360,63079.5,36980,63057.0,56520
1714348807294532,63075.5,73250,63075.0,58050,63078.0,24190,63063.0,50,63078.5,19500,63059.0,18120,63079.0,19600,63058.5,4360,63079.5,36980,63057.0,56520
1714348807294534,63075.5,73250,63075.0,58050,63078.0,24190,63063.0,50,63078.5,19500,63059.0,18120,63079.0,19600,63058.5,4360,63079.5,32990,63057.0,56520
1714348807312003,63075.5,73250,63075.0,58050,63078.0,24190,63063.0,50,63078.5,19500,63059.0,18120,63079.0,19600,63058.5,4360,63079.5,29000,63057.0,56520
1714348807312087,63075.5,73250,63075.0,58050,63078.0,24190,63063.0,50,63078.5,19500,63059.0,18120,63079.0,19600,63058.5,4360,63082.0,81210,63057.0,56520
1714348807312265,63075.5,73250,63075.0,58050,63078.0,24190,63063.0,50,63078.5,19500,63059.5,3990,63079.0,19600,63059.0,18120,63082.0,81210,63058.5,4360
1714348807312293,63075.5,73250,63075.0,58050,63078.5,19500,63063.0,50,63079.0,19600,63059.5,3990,63082.0,105400,63059.0,18120,63082.5,20200,63058.5,4360
1714348807336320,63075.5,73250,63075.0,58050,63078.5,19500,63063.0,50,63079.0,19600,63059.5,23990,63082.0,105400,63059.0,18120,63082.5,20200,63058.5,4360
1714348807345610,63075.5,73250,63075.0,58050,63078.5,19500,63063.0,50,63079.0,19600,63059.5,23990,63082.0,105400,63059.0,42300,63082.5,20200,63058.5,4360
1714348807345612,63075.5,73250,63075.0,58050,63077.0,370,63063.0,50,63078.5,19500,63059.5,23990,63079.0,19600,63059.0,42300,63082.0,105400,63058.5,4360
1714348807352809,63075.5,73770,63075.0,58050,63077.0,370,63063.0,50,63078.5,19500,63059.5,23990,63079.0,19600,63059.0,42300,63082.0,105400,63058.5,4360
1714348807361313,63075.5,73770,63075.0,58050,63077.0,370,63063.0,50,63078.5,19500,63059.5,23990,63079.0,19600,63059.0,18120,63082.0,105400,63058.5,4360
1714348807366872,63075.5,82060,63075.0,58050,63077.0,370,63063.0,50,63078.5,19500,63059.5,23990,63079.0,19600,63059.0,18120,63082.0,105400,63058.5,4360
1714348807404082,63075.5,82060,63075.0,58050,63077.0,370,63063.0,50,63078.5,19500,63059.5,23990,63079.0,19600,63059.0,18120,63080.0,3990,63058.5,4360
1714348807404088,63075.5,82060,63075.0,58050,63077.0,370,63063.0,50,63078.5,19500,63059.5,23990,63079.0,19600,63059.0,12080,63080.0,3990,63058.5,4360
1714348807410189,63075.5,82060,63075.0,58050,63077.0,370,63063.0,50,63078.5,19500,63059.5,23990,63079.0,19600,63059.0,6040,63080.0,3990,63058.5,4360
1714348807424503,63075.5,82060,63075.0,58050,63077.0,370,63063.0,50,63078.5,43690,63059.5,23990,63079.0,19600,63059.0,6040,63080.0,3990,63058.5,4360
1714348807437720,63075.5,82060,63075.0,58050,63077.0,370,63063.0,50,63078.5,43690,63059.5,23990,63080.0,3990,63059.0,6040,63082.0,81210,63058.5,4360
1714348807437731,63075.5,62460,63075.0,58050,63077.0,370,63063.0,50,63078.5,43690,63059.5,23990,63080.0,3990,63059.0,6040,63082.0,81210,63058.5,4360
1714348807446737,63075.5,54170,63075.0,58050,63077.0,370,63063.0,50,63078.5,43690,63059.5,23990,63080.0,3990,63059.0,6040,63082.0,81210,63058.5,4360
1714348807475419,63075.5,54170,63075.0,58050,63077.0,370,63063.0,50,63078.5,43690,63059.5,30030,63080.0,3990,63059.0,6040,63082.0,81210,63058.5,4360
1714348807475421,63075.5,54170,63075.0,58050,63077.0,370,63063.0,50,63078.5,19500,63059.5,30030,63080.0,3990,63059.0,6040,63081.5,24190,63058.5,4360
1714348807475426,63075.5,54170,63075.0,58050,63077.0,370,63063.0,50,63078.5,19500,63059.5,30030,63080.0,3990,63058.5,4360,63081.5,24190,63057.5,12080
1714348807484873,63075.5,91670,63075.0,58050,63077.0,370,63063.0,50,63078.5,19500,63059.5,30030,63080.0,3990,63058.5,4360,63081.5,24190,63057.5,12080
1714348807494619,63075.5,91670,63075.0,58050,63077.0,370,63063.0,50,63078.5,19500,63059.5,23990,63080.0,3990,63058.5,4360,63081.5,24190,63057.5,18120
1714348807499591,63075.5,91670,63075.0,29050,63077.0,370,63063.0,50,63078.5,19500,63059.5,23990,63080.0,3990,63058.5,4360,63081.5,24190,63057.5,18120
1714348807499598,63075.5,91670,63075.0,29050,63077.0,370,63063.0,50,63078.0,24190,63059.5,23990,63078.5,19500,63058.5,4360,63080.0,3990,63057.5,18120
1714348807555813,63075.5,91670,63075.0,29050,63077.0,370,63063.0,50,63078.0,24190,63059.5,3990,63078.5,19500,63058.5,4360,63080.0,3990,63057.5,38120
1714348807555855,63075.5,91670,63075.0,29050,63077.0,370,63063.0,50,63078.0,24190,63059.5,3990,63078.5,19500,63059.0,6040,63080.0,3990,63058.5,4360
1714348807565770,63075.5,91670,63075.0,29050,63077.0,370,63063.0,50,63078.0,24190,63059.5,3990,63078.5,19500,63059.0,12080,63080.0,3990,63058.5,4360
1714348807586493,63075.5,91670,63075.0,29050,63077.0,370,63063.0,50,63078.0,24190,63059.5,3990,63078.5,19500,63059.0,18120,63080.0,3990,63058.5,4360
1714348807592078,63075.5,91670,63075.0,29050,63077.0,370,63063.0,50,63078.5,19500,63059.5,3990,63079.5,24190,63059.0,18120,63080.0,3990,63058.5,4360
1714348807614732,63075.5,91670,63075.0,29050,63077.0,370,63063.0,50,63078.5,19500,63059.5,3990,63079.5,24190,63059.0,12080,63080.0,3990,63058.5,10400
1714348807614757,63075.5,91670,63075.0,58050,63077.0,370,63063.0,50,63078.5,19500,63059.5,3990,63079.5,24190,63059.0,12080,63080.0,3990,63058.5,10400
1714348807621221,63075.5,81670,63075.0,58050,63077.0,370,63063.0,50,63078.5,19500,63059.5,3990,63079.5,24190,63059.0,12080,63080.0,3990,63058.5,10400
1714348807621222,63075.5,81670,63075.0,58050,63078.5,19500,63063.0,50,63079.5,24190,63059.5,3990,63080.0,3990,63059.0,12080,63082.0,81210,63058.5,10400
1714348807632132,63075.5,75630,63075.0,58050,63076.5,6050,63063.0,50,63078.5,19500,63059.5,3990,63079.5,24190,63059.0,12080,63080.0,3990,63058.5,10400
1714348807632139,63075.5,75630,63075.0,58050,63076.5,6050,63063.0,50,63078.5,19500,63059.5,3990,63079.5,24190,63059.0,6040,63080.0,3990,63058.5,16440
1714348807632151,63075.5,75630,63075.0,58050,63076.5,6050,63063.0,50,63078.5,19500,63059.5,3990,63079.5,24190,63059.0,6040,63082.0,81210,63058.5,16440
1714348807639144,63075.5,75630,63075.0,58050,63076.5,6050,63063.0,50,63078.5,19500,63059.5,3990,63079.5,24190,63059.0,26040,63082.0,81210,63058.5,16440
1714348807650938,63075.5,75630,63075.0,60180,63076.5,6050,63063.0,50,63078.5,19500,63059.5,3990,63079.5,24190,63059.0,26040,63082.0,81210,63058.5,16440
1714348807688812,63075.5,38130,63075.0,60180,63076.5,6050,63063.0,50,63078.5,19500,63059.5,3990,63079.5,24190,63059.0,26040,63082.0,81210,63058.5,16440
1714348807688818,63075.5,38130,63075.0,60180,63076.5,6050,63066.5,6300,63078.5,19500,63063.0,50,63079.5,24190,63059.5,3990,63082.0,81210,63059.0,26040
1714348807688836,63075.5,32080,63075.0,60180,63076.5,12100,63066.5,6300,63078.5,19500,63063.0,50,63079.5,24190,63059.5,3990,63082.0,81210,63059.0,26040
1714348807688840,63075.5,32080,63075.0,60180,63076.5,6050,63066.5,6300,63078.0,6050,63063.0,50,63078.5,19500,63059.5,3990,63079.5,24190,63059.0,26040
1714348807689273,63075.5,32080,63075.0,97680,63076.5,6050,63066.5,6300,63078.0,6050,63063.0,50,63078.5,19500,63059.5,3990,63079.5,24190,63059.0,26040
1714348807689290,63075.5,26030,63075.0,97680,63076.5,12100,63066.5,6300,63078.0,6050,63063.0,50,63078.5,19500,63059.5,3990,63079.5,24190,63059.0,26040
1714348807689297,63075.5,26030,63075.0,97680,63076.5,12100,63066.5,6300,63078.0,6050,63063.0,50,63079.5,24190,63059.5,3990,63082.5,600,63059.0,26040
1714348807689316,63075.5,15530,63075.0,97680,63076.5,12100,63066.5,6300,63078.0,6050,63063.0,50,63079.5,24190,63059.5,3990,63082.5,600,63059.0,26040
1714348807690040,63075.5,15530,63075.0,97680,63076.5,12100,63066.5,6300,63078.0,6050,63063.5,3990,63079.5,24190,63063.0,50,63082.5,600,63059.5,3990
1714348807690067,63075.5,15530,63075.0,97680,63076.5,12100,63066.5,6300,63078.0,6050,63063.5,3990,63082.5,600,63063.0,50,63087.0,105400,63059.5,3990
1714348807702806,63075.5,15530,63075.0,97680,63076.5,12100,63066.5,6300,63078.0,6050,63063.5,3990,63082.5,600,63063.0,50,63087.0,105400,63060.0,6040
1714348807723552,63075.5,15530,63075.0,97680,63076.5,12100,63066.5,6300,63078.0,6050,63063.0,50,63082.5,600,63060.0,6040,63087.0,105400,63059.5,3990
1714348807723574,63075.5,15530,63075.0,97680,63076.5,12100,63066.5,6300,63078.0,6050,63063.0,50,63082.5,600,63060.0,12080,63087.0,105400,63059.5,3990
1714348807723590,63075.5,15530,63075.0,97680,63076.5,12100,63066.5,6300,63078.0,6050,63063.0,50,63082.5,600,63060.0,12080,63087.0,105400,63059.0,26040
1714348807723618,63075.5,15530,63075.0,97680,63076.5,12100,63066.5,6300,63078.0,6050,63063.0,50,63082.5,600,63061.5,600,63087.0,105400,63060.0,12080
1714348807723873,63075.5,15530,63075.0,97680,63076.5,12100,63066.5,6300,63082.5,600,63063.0,50,63087.0,105400,63061.5,600,63088.0,1460,63060.0,12080
1714348807724730,63075.5,15530,63075.0,97680,63076.5,12100,63066.5,6300,63082.5,600,63063.0,50,63087.0,105400,63061.5,600,63088.0,1460,63060.0,36260
1714348807738375,63075.5,15530,63075.0,107680,63076.5,12100,63066.5,6300,63082.5,600,63063.0,50,63087.0,105400,63061.5,600,63088.0,1460,63060.0,36260
1714348807739177,63075.5,15530,63075.0,107680,63076.5,12100,63066.5,6300,63082.5,600,63065.0,3990,63087.0,105400,63063.0,50,63088.0,1460,63061.5,600
1714348807749248,63075.5,13400,63075.0,107680,63076.5,12100,63066.5,6300,63082.5,600,63065.0,3990,63087.0,105400,63063.0,50,63088.0,1460,63061.5,600
1714348807749279,63075.5,520,63075.0,107680,63076.5,12100,63066.5,6300,63082.5,600,63065.0,3990,63087.0,105400,63063.0,50,63088.0,1460,63061.5,600
1714348807760439,63076.5,12100,63075.0,107680,63082.5,600,63066.5,6300,63087.0,105400,63065.0,3990,63088.0,1460,63063.0,50,63090.0,6050,63061.5,600
1714348807760484,63076.5,12100,63075.0,107680,63082.5,600,63073.5,3990,63087.0,105400,63066.5,6300,63088.0,1460,63065.0,3990,63090.0,6050,63063.0,50
1714348807785568,63076.5,6050,63075.0,107680,63082.5,600,63073.5,3990,63087.0,105400,63066.5,6300,63088.0,1460,63065.0,3990,63090.0,6050,63063.0,50
1714348807785569,63076.5,6050,63075.0,107680,63082.5,600,63073.5,3990,63087.0,105400,63072.0,370,63088.0,1460,63066.5,6300,63090.0,6050,63065.0,3990
1714348807785726,63076.5,6050,63076.0,29000,63082.5,600,63075.0,107680,63087.0,105400,63073.5,3990,63088.0,1460,63072.0,370,63090.0,6050,63066.5,6300
1714348807785754,63076.5,6050,63076.0,66500,63082.5,600,63075.0,107680,63087.0,105400,63073.5,3990,63088.0,1460,63072.0,370,63090.0,6050,63066.5,6300
1714348807793488,63076.5,6050,63076.0,66500,63082.5,600,63075.0,107680,63087.0,105400,63074.5,3990,63088.0,1460,63073.5,3990,63090.0,6050,63072.0,370
1714348807793554,63082.5,600,63076.0,66500,63087.0,105400,63075.0,107680,63088.0,1460,63074.5,3990,63090.0,6050,63073.5,3990,63090.5,2440,63072.0,370
1714348807804368,63082.5,600,63076.0,66500,63087.0,24190,63075.0,107680,63088.0,1460,63074.5,3990,63090.5,2440,63073.5,3990,63094.0,29000,63072.0,370
1714348807804408,63082.5,600,63079.0,10000,63087.0,24190,63076.0,66500,63088.0,1460,63075.0,107680,63090.5,2440,63074.5,3990,63094.0,29000,63073.5,3990
1714348807804431,63082.5,600,63079.0,10000,63087.0,24190,63076.0,66500,63088.0,1460,63075.0,127680,63090.5,2440,63074.5,3990,63094.0,29000,63073.5,3990
1714348807835914,63082.5,600,63079.0,10000,63088.0,1460,63076.0,66500,63090.5,2440,63075.0,127680,63094.0,29000,63074.5,3990,63095.5,12100,63073.5,3990
1714348807835963,63082.5,600,63079.0,10000,63088.0,1460,63076.0,66500,63090.5,2440,63075.0,90180,63094.0,29000,63074.5,3990,63095.5,12100,63073.5,3990
1714348807849740,63082.5,600,63079.0,10000,63088.0,1460,63076.0,66500,63090.5,2440,63075.0,90180,63095.5,12100,63074.5,3990,63100.0,111450,63073.5,3990
1714348807930208,63082.5,600,63079.0,10000,63090.5,2440,63076.0,66500,63095.5,12100,63075.0,90180,63100.0,111450,63074.5,3990,63100.5,29030,63073.5,3990
1714348807930269,63082.5,600,63079.0,10000,63090.5,2440,63076.0,66500,63095.5,12100,63075.0,96220,63100.0,111450,63074.5,3990,63100.5,29030,63073.5,3990
1714348807930946,63082.5,600,63079.5,37500,63090.5,2440,63079.0,10000,63095.5,12100,63076.0,66500,63100.0,111450,63075.0,96220,63100.5,29030,63074.5,3990
1714348807930955,63090.5,2440,63079.5,37500,63095.5,12100,63079.0,10000,63100.0,111450,63076.0,66500,63100.5,29030,63075.0,96220,63101.0,1000,63074.5,3990
1714348807930991,63090.5,2440,63081.0,3990,63095.5,12100,63079.5,37500,63100.0,111450,63079.0,10000,63100.5,29030,63076.0,66500,63101.0,1000,63075.0,96220
1714348807954523,63090.5,2440,63081.0,3990,63095.5,12100,63079.5,37500,63100.0,111450,63079.0,10000,63100.5,29030,63076.0,66500,63101.0,1000,63075.0,102260
1714348807954534,63090.5,2440,63081.0,3990,63095.5,12100,63079.5,37500,63100.0,111450,63079.0,10000,63100.5,29030,63076.0,66500,63101.0,1000,63075.0,104620
1714348807954576,63090.5,2440,63081.0,3990,63095.5,12100,63079.5,37500,63100.0,111450,63076.0,66500,63100.5,29030,63075.0,104620,63101.0,1000,63074.5,3990
1714348807954588,63090.5,2440,63081.0,3990,63095.5,12100,63079.5,37500,63100.0,111450,63076.0,66500,63100.5,29030,63075.0,110660,63101.0,1000,63074.5,3990
1714348807954737,63090.5,2440,63082.0,29000,63095.5,12100,63081.0,3990,63100.0,111450,63079.5,37500,63100.5,29030,63076.0,66500,63101.0,1000,63075.0,110660
1714348807954793,63090.5,2440,63082.0,29000,63095.5,12100,63081.0,3990,63100.0,111450,63079.5,37500,63100.5,29030,63076.0,66500,63101.0,1000,63075.0,100660
1714348807954806,63090.5,2440,63082.0,29000,63095.5,12100,63081.0,3990,63100.0,111450,63079.5,37500,63100.5,29030,63076.0,66500,63101.0,1000,63075.0,98530
1714348807967135,63082.5,10,63082.0,29000,63090.5,2440,63081.0,3990,63095.5,12100,63079.5,37500,63100.0,111450,63076.0,66500,63100.5,29030,63075.0,98530
1714348807967149,63082.5,10,63082.0,29000,63090.5,2440,63081.0,3990,63095.5,12100,63079.5,37500,63100.0,111450,63076.0,29000,63100.5,29030,63075.0,98530
1714348807967164,63082.5,10,63082.0,29000,63090.5,2440,63081.0,3990,63095.5,12100,63079.5,37500,63100.0,111450,63076.0,29000,63100.5,29030,63075.0,122710
1714348807967467,63082.5,10,63082.0,58000,63090.5,2440,63081.0,3990,63095.5,12100,63079.5,37500,63100.0,111450,63076.0,29000,63100.5,29030,63075.0,122710
1714348807967495,63082.5,10,63082.0,95500,63090.5,2440,63081.0,3990,63095.5,12100,63079.5,37500,63100.0,111450,63076.0,29000,63100.5,29030,63075.0,122710
1714348808013088,63082.5,10,63082.0,95500,63090.5,2440,63081.0,3990,63095.5,12100,63076.0,29000,63100.0,111450,63075.0,122710,63100.5,29030,63074.5,3990
1714348808013134,63082.5,10,63082.0,95500,63090.5,2440,63081.0,3990,63095.5,12100,63076.0,29000,63100.0,111450,63075.0,93710,63100.5,29030,63074.5,3990
1714348808023694,63082.5,1510,63082.0,95500,63090.5,2440,63081.0,3990,63095.5,12100,63076.0,29000,63100.0,111450,63075.0,93710,63100.5,29030,63074.5,3990
1714348808023698,63082.5,1510,63082.0,95500,63090.5,2440,63081.0,3990,63095.5,12100,63076.5,20000,63100.0,111450,63076.0,29000,63100.5,29030,63075.0,73710
1714348808023705,63082.5,1510,63082.0,95500,63090.5,2440,63081.0,3990,63095.5,12100,63076.5,20000,63096.5,6050,63076.0,29000,63100.0,105400,63075.0,73710
1714348808023861,63082.5,1510,63082.0,95500,63090.5,2440,63081.0,3990,63095.5,12100,63076.5,26040,63096.5,6050,63076.0,29000,63100.0,105400,63075.0,67670
1714348808023876,63082.5,1510,63082.0,95500,63090.5,2440,63081.0,3990,63095.5,12100,63079.5,2360,63096.5,6050,63076.5,26040,63100.0,105400,63076.0,29000
1714348808023888,63082.5,1510,63082.0,95500,63090.5,2440,63081.0,3990,63093.5,6050,63079.5,2360,63095.5,6050,63076.5,26040,63096.5,6050,63076.0,29000
1714348808072837,63082.5,1510,63082.0,105500,63090.5,2440,63081.0,3990,63093.5,6050,63079.5,2360,63095.5,6050,63076.5,26040,63096.5,6050,63076.0,29000
1714348808084980,63082.5,1510,63082.0,105910,63090.5,2440,63081.0,3990,63093.5,6050,63079.5,2360,63095.5,6050,63076.5,26040,63096.5,6050,63076.0,29000
1714348808085003,63082.5,1510,63082.0,105910,63093.5,6050,63081.0,3990,63095.5,6050,63079.5,2360,63096.5,6050,63076.5,26040,63100.0,105400,63076.0,29000
1714348808085009,63082.5,1510,63082.0,105910,63093.5,6050,63081.0,3990,63095.5,6050,63079.5,2360,63096.5,6050,63076.5,50220,63100.0,105400,63076.0,29000
1714348808101764,63082.5,1510,63082.0,105910,63093.5,6050,63081.0,3990,63095.5,6050,63079.5,2360,63096.5,6050,63079.0,6300,63100.0,105400,63076.5,50220
1714348808137159,63082.5,1510,63082.0,105910,63093.5,6050,63081.0,6350,63095.5,6050,63079.0,6300,63096.5,6050,63076.5,50220,63100.0,105400,63076.0,29000
1714348808137166,63082.5,1510,63082.0,105910,63093.5,6050,63081.0,6350,63095.5,6050,63079.5,6040,63096.5,6050,63079.0,6300,63100.0,105400,63076.5,50220
1714348808137173,63082.5,1510,63082.0,105910,63093.5,6050,63081.0,6350,63095.5,6050,63079.5,12080,63096.5,6050,63079.0,6300,63100.0,105400,63076.5,50220
1714348808137182,63082.5,1510,63082.0,105910,63093.5,6050,63081.0,6350,63095.5,6050,63079.5,18120,63096.5,6050,63079.0,6300,63100.0,105400,63076.5,44180
1714348808137195,63082.5,1510,63082.0,106320,63093.5,6050,63081.0,6350,63095.5,6050,63079.5,18120,63096.5,6050,63079.0,6300,63100.0,105400,63076.5,44180
1714348808163834,63082.5,1510,63082.0,106320,63093.5,6050,63081.0,6350,63095.5,6050,63079.5,18120,63096.5,6050,63079.0,6300,63100.0,24190,63076.5,44180
1714348808164040,63082.5,1510,63082.0,106320,63093.5,6050,63081.0,6350,63095.5,6050,63079.5,18120,63096.5,6050,63076.5,44180,63100.0,24190,63076.0,29000
1714348808164063,63082.5,1510,63082.0,108680,63093.5,6050,63081.0,3990,63095.5,6050,63079.5,18120,63096.5,6050,63076.5,44180,63100.0,24190,63076.0,29000
1714348808164069,63082.5,1510,63082.0,108680,63093.5,6050,63081.0,3990,63095.5,6050,63079.5,18120,63096.5,6050,63076.5,20000,63100.0,24190,63076.0,29000
1714348808174599,63082.5,1510,63082.0,108680,63095.0,6050,63081.0,3990,63095.5,6050,63079.5,18120,63096.5,6050,63076.5,20000,63100.0,24190,63076.0,29000
1714348808174638,63082.5,1510,63082.0,108680,63095.0,12090,63081.0,3990,63095.5,6050,63079.5,18120,63100.0,24190,63076.5,20000,63100.5,29030,63076.0,29000
1714348808174665,63082.5,1510,63082.0,108680,63095.0,12090,63081.0,3990,63095.5,6050,63079.5,12080,63100.0,24190,63076.5,26040,63100.5,29030,63076.0,29000
1714348808202303,63082.5,1510,63082.0,106320,63095.0,12090,63081.0,3990,63095.5,6050,63079.5,12080,63100.0,24190,63076.5,26040,63100.5,29030,63076.0,29000
1714348808207824,63082.5,1510,63082.0,106320,63095.0,12090,63081.0,7980,63095.5,6050,63079.5,12080,63100.0,24190,63076.5,26040,63100.5,29030,63076.0,29000
1714348808249379,63082.5,1510,63082.0,106320,63095.0,12090,63081.0,7980,63095.5,6050,63079.5,6040,63100.0,24190,63077.0,6040,63100.5,29030,63076.5,26040
1714348808249674,63082.5,1510,63082.0,106320,63095.0,12090,63081.0,7980,63095.5,6050,63079.5,6040,63097.0,10500,63077.0,6040,63100.0,24190,63076.5,26040
1714348808254776,63082.5,1510,63082.0,106320,63095.0,12090,63081.0,7980,63095.5,6050,63079.5,6040,63097.0,10500,63077.0,6040,63100.0,24190,63076.5,50220
1714348808263408,63082.5,1510,63082.0,106320,63095.0,12090,63081.0,7980,63095.5,6050,63077.0,12080,63097.0,10500,63076.5,50220,63100.0,24190,63076.0,29000
1714348808263428,63082.5,1510,63082.0,106320,63093.0,6050,63081.0,7980,63095.0,12090,63077.0,12080,63097.0,10500,63076.5,50220,63100.0,24190,63076.0,29000
1714348808278899,63082.5,1510,63082.0,106320,63093.0,6050,63081.0,7980,63095.0,12090,63077.0,12080,63097.0,10500,63076.5,26040,63100.0,24190,63076.0,29000
1714348808286635,63082.5,1510,63082.0,106320,63093.0,12090,63081.0,7980,63095.0,6050,63077.0,12080,63097.0,10500,63076.5,26040,63100.0,24190,63076.0,29000
1714348808338801,63082.5,1510,63082.0,106320,63093.0,6050,63081.0,7980,63094.5,6040,63077.0,12080,63095.0,6050,63076.5,26040,63097.0,10500,63076.0,29000
1714348808338802,63082.5,1510,63082.0,106320,63094.5,12090,63081.0,7980,63095.0,6050,63077.0,12080,63097.0,10500,63076.5,26040,63100.0,24190,63076.0,29000
1714348808344491,63082.5,1510,63082.0,106320,63094.5,12090,63081.0,7980,63095.0,6050,63077.0,6040,63097.0,10500,63076.5,32080,63100.0,24190,63076.0,29000
1714348808409675,63082.5,1510,63082.0,106320,63094.5,12090,63081.0,7980,63095.0,6050,63077.0,6040,63096.5,24190,63076.5,32080,63097.0,10500,63076.0,29000
1714348808417937,63082.5,1510,63082.0,106320,63092.5,6050,63081.0,7980,63094.5,12090,63077.0,6040,63096.5,24190,63076.5,32080,63097.0,10500,63076.0,29000
1714348808417948,63082.5,1510,63082.0,106320,63092.5,12090,63081.0,7980,63094.5,6050,63077.0,6040,63096.5,24190,63076.5,32080,63097.0,10500,63076.0,29000
1714348808417949,63082.5,1510,63082.0,106320,63092.5,12090,63081.0,7980,63094.5,6050,63076.5,38120,63096.5,24190,63076.0,29000,63097.0,10500,63075.0,29150
1714348808429370,63082.5,1510,63082.0,106320,63092.5,12090,63081.0,7980,63094.5,6050,63076.5,32080,63096.5,24190,63076.0,29000,63097.0,10500,63075.5,6040
1714348808477956,63082.5,1510,63082.0,106320,63092.5,12090,63081.0,7980,63094.5,6050,63076.5,32080,63097.0,10500,63076.0,29000,63100.0,24190,63075.5,6040
1714348808492588,63082.5,1510,63082.0,106320,63092.5,6040,63081.0,7980,63094.0,6050,63076.5,32080,63094.5,6050,63076.0,29000,63097.0,10500,63075.5,6040
1714348808496995,63082.5,1510,63082.0,106320,63092.5,6040,63081.0,7980,63094.0,6050,63076.5,32080,63094.5,6050,63076.0,29000,63096.5,24190,63075.5,6040
1714348808497008,63082.5,1510,63082.0,106320,63094.0,12090,63081.0,7980,63094.5,6050,63076.5,32080,63096.5,24190,63076.0,29000,63097.0,10500,63075.5,6040
1714348808511234,63082.5,1510,63082.0,113830,63094.0,12090,63081.0,7980,63094.5,6050,63076.5,32080,63096.5,24190,63076.0,29000,63097.0,10500,63075.5,6040
1714348808538471,63082.5,1510,63082.0,113930,63094.0,12090,63081.0,7980,63094.5,6050,63076.5,32080,63096.5,24190,63076.0,29000,63097.0,10500,63075.5,6040
1714348808554206,63082.5,1510,63082.0,113930,63094.0,12090,63081.0,7980,63094.5,6050,63076.5,32080,63097.0,10500,63076.0,29000,63100.0,24190,63075.5,6040
1714348808563373,63082.5,1510,63082.0,133930,63094.0,12090,63081.0,7980,63094.5,6050,63076.5,12080,63097.0,10500,63076.0,29000,63100.0,24190,63075.5,6040
1714348808581465,63082.5,1510,63082.0,133930,63094.0,12090,63081.0,7980,63096.0,6050,63076.5,12080,63097.0,10500,63076.0,29000,63100.0,24190,63075.5,6040
1714348808581471,63082.5,1510,63082.0,133930,63092.0,6040,63081.0,7980,63094.0,6050,63076.5,12080,63096.0,6050,63076.0,29000,63097.0,10500,63075.5,6040
1714348808594679,63082.5,1510,63082.0,133930,63094.0,12090,63081.0,7980,63096.0,6050,63076.5,12080,63097.0,10500,63076.0,29000,63100.0,24190,63075.5,6040
1714348808601725,63082.5,1510,63082.0,133930,63094.0,12090,63081.0,7980,63096.0,6050,63076.5,12080,63097.0,10500,63076.0,29000,63100.0,24190,63075.5,30220
1714348808601738,63082.5,1510,63082.0,133930,63092.0,6040,63081.0,7980,63094.0,6050,63076.5,12080,63096.0,6050,63076.0,29000,63097.0,10500,63075.5,30220
1714348808609445,63082.5,1510,63082.0,133930,63092.0,6040,63081.0,7980,63094.0,6050,63076.5,12080,63096.0,6050,63076.0,29000,63097.0,10500,63075.5,6040
1714348808616421,63082.5,1510,63082.0,133930,63094.0,12090,63081.0,7980,63096.0,6050,63076.5,12080,63097.0,10500,63076.0,29000,63100.0,24190,63075.5,6040
1714348808616422,63082.5,1510,63082.0,133930,63094.0,12090,63081.0,7980,63096.0,6050,63076.5,12080,63097.0,10500,63076.0,29000,63100.0,24190,63075.5,30220
1714348808631438,63082.5,1510,63082.0,133930,63092.0,6040,63081.0,7980,63094.0,6050,63076.5,12080,63096.0,6050,63076.0,29000,63097.0,10500,63075.5,30220
1714348808645573,63082.5,1510,63082.0,133930,63092.0,6040,63081.0,7980,63093.5,6050,63076.5,12080,63094.0,6050,63076.0,29000,63097.0,10500,63075.5,30220
1714348808650021,63082.5,1510,63082.0,133930,63093.5,12090,63081.0,7980,63094.0,6050,63076.5,12080,63097.0,10500,63076.0,29000,63100.0,24190,63075.5,30220
1714348808666780,63082.5,1510,63082.0,133930,63093.5,12090,63081.0,7980,63094.0,6050,63076.5,12080,63097.0,10500,63076.0,29000,63100.0,24190,63075.5,6040
1714348808682495,63082.5,1510,63082.0,133930,63093.5,12090,63081.0,7980,63094.0,6050,63076.5,12080,63097.0,10500,63076.0,29000,63100.0,24190,63075.5,30220
1714348808737706,63082.5,1510,63082.0,133930,63093.5,6040,63081.0,7980,63094.0,6050,63076.5,12080,63096.5,6050,63076.0,29000,63097.0,10500,63075.5,30220
1714348808742311,63082.5,1510,63082.0,133930,63093.5,6040,63081.0,7980,63095.5,6050,63076.5,12080,63096.5,6050,63076.0,29000,63097.0,10500,63075.5,30220
1714348808756049,63082.5,1510,63082.0,133930,63095.5,12100,63081.0,7980,63096.5,6050,63076.5,12080,63097.0,10500,63076.0,29000,63100.0,24190,63075.5,30220
1714348808756054,63082.5,1510,63082.0,133930,63093.5,6050,63081.0,7980,63095.5,12100,63076.5,12080,63097.0,10500,63076.0,29000,63100.0,24190,63075.5,30220
1714348808767007,63082.5,1510,63082.0,133930,63093.5,12100,63081.0,7980,63095.5,6050,63076.5,12080,63097.0,10500,63076.0,29000,63100.0,24190,63075.5,30220
1714348808776687,63082.5,1510,63082.0,133930,63093.5,18140,63081.0,7980,63097.0,10500,63076.5,12080,63100.0,24190,63076.0,29000,63100.5,29440,63075.5,30220
1714348808782695,63082.5,1510,63082.0,133930,63093.5,12090,63081.0,7980,63095.5,6050,63076.5,12080,63097.0,10500,63076.0,29000,63100.0,24190,63075.5,30220
1714348808782696,63082.5,1510,63082.0,133930,63093.5,6040,63081.0,7980,63095.5,6050,63076.5,12080,63096.5,6050,63076.0,29000,63097.0,10500,63075.5,30220
1714348808785922,63082.5,1510,63082.0,133930,63093.5,12090,63081.0,7980,63095.5,6050,63076.5,12080,63097.0,10500,63076.0,29000,63100.0,24190,63075.5,30220
1714348808794261,63082.5,1510,63082.0,133930,63093.5,12090,63081.0,7980,63095.5,6050,63076.5,12080,63097.0,10500,63076.0,29000,63100.0,24190,63075.5,6040
1714348808802609,63082.5,1510,63082.0,133930,63093.0,6050,63081.0,7980,63093.5,12090,63076.5,12080,63097.0,10500,63076.0,29000,63100.0,24190,63075.5,6040
1714348808826019,63082.5,1510,63082.0,133930,63093.0,6050,63081.0,7980,63093.5,6040,63076.5,12080,63096.5,6050,63076.0,29000,63097.0,10500,63075.5,6040
1714348808847195,63082.5,1510,63082.0,133930,63093.0,6050,63081.0,7980,63093.5,6040,63076.5,12080,63096.5,6050,63076.0,29000,63097.0,10500,63075.5,30220
1714348808852984,63082.5,1510,63082.0,133930,63093.0,6050,63081.0,7980,63093.5,12090,63076.5,12080,63097.0,10500,63076.0,29000,63100.0,24190,63075.5,30220
1714348808865179,63082.5,1510,63082.0,133930,63093.0,6050,63081.0,7980,63093.5,12090,63077.0,6040,63097.0,10500,63076.5,12080,63100.0,24190,63076.0,29000
1714348808865186,63082.5,1510,63082.0,133930,63093.5,12090,63081.0,7980,63096.5,6050,63077.0,6040,63097.0,10500,63076.5,12080,63100.0,24190,63076.0,29000
1714348808865197,63082.5,1510,63082.0,133930,63093.5,6040,63081.0,7980,63096.5,12100,63077.0,6040,63097.0,10500,63076.5,12080,63100.0,24190,63076.0,29000
1714348808883985,63082.5,1510,63082.0,133980,63093.5,6040,63081.0,7980,63096.5,12100,63077.0,6040,63097.0,10500,63076.5,12080,63100.0,24190,63076.0,29000
1714348808895097,63082.5,1510,63082.0,133980,63093.0,6050,63081.0,7980,63093.5,6040,63077.0,6040,63096.5,6050,63076.5,12080,63097.0,10500,63076.0,29000
