local_timestamp,asks[0].price,asks[0].amount,bids[0].price,bids[0].amount,asks[1].price,asks[1].amount,bids[1].price,bids[1].amount,asks[2].price,asks[2].amount,bids[2].price,bids[2].amount,asks[3].price,asks[3].amount,bids[3].price,bids[3].amount,asks[4].price,asks[4].amount,bids[4].price,bids[4].amount,asks[5].price,asks[5].amount,bids[5].price,bids[5].amount,asks[6].price,asks[6].amount,bids[6].price,bids[6].amount,asks[7].price,asks[7].amount,bids[7].price,bids[7].amount,asks[8].price,asks[8].amount,bids[8].price,bids[8].amount,asks[9].price,asks[9].amount,bids[9].price,bids[9].amount,asks[10].price,asks[10].amount,bids[10].price,bids[10].amount,asks[11].price,asks[11].amount,bids[11].price,bids[11].amount,asks[12].price,asks[12].amount,bids[12].price,bids[12].amount,asks[13].price,asks[13].amount,bids[13].price,bids[13].amount,asks[14].price,asks[14].amount,bids[14].price,bids[14].amount,asks[15].price,asks[15].amount,bids[15].price,bids[15].amount,asks[16].price,asks[16].amount,bids[16].price,bids[16].amount,asks[17].price,asks[17].amount,bids[17].price,bids[17].amount,asks[18].price,asks[18].amount,bids[18].price,bids[18].amount,asks[19].price,asks[19].amount,bids[19].price,bids[19].amount,asks[20].price,asks[20].amount,bids[20].price,bids[20].amount,asks[21].price,asks[21].amount,bids[21].price,bids[21].amount,asks[22].price,asks[22].amount,bids[22].price,bids[22].amount,asks[23].price,asks[23].amount,bids[23].price,bids[23].amount,asks[24].price,asks[24].amount,bids[24].price,bids[24].amount
2024-06-01 00:00:00,67489.0,17140,67488.5,198950,67490.0,10,67488.0,17200,67494.0,5000,67487.5,32780,67495.5,20,67487.0,4450,67496.0,80000,67486.5,6000,67497.5,3820,67486.0,24190,67499.0,15000,67484.0,32400,67500.5,1230,67483.5,3820,67503.0,4870,67482.5,12090,67503.5,30250,67482.0,81190,67504.0,32500,67481.5,34950,67505.5,2460,67479.5,1190,67507.0,24190,67477.5,21050,67507.5,6050,67477.0,6050,67509.0,1520,67474.5,88550,67510.5,9050,67474.0,53130,67512.0,100,67472.0,29120,67512.5,10000,67466.5,32500,67513.0,3680,67466.0,1470,67514.5,6000,67465.0,90,67517.5,32500,67464.5,2230,67519.5,2190,67462.5,45000,67520.5,12100,67461.0,151450,67521.0,45000,67460.0,10000,67522.0,9220,67459.5,6050
2024-06-01 00:00:01,67490.0,10,67489.5,211070,67495.5,20,67489.0,6000,67500.0,4440,67488.5,71760,67501.0,5000,67487.5,380,67501.5,12100,67487.0,13320,67503.0,80000,67486.5,6880,67503.5,6050,67483.0,24190,67504.0,12100,67482.5,12090,67504.5,26630,67482.0,81190,67505.0,4870,67481.5,32500,67505.5,3820,67481.0,2440,67506.0,15000,67479.5,1190,67507.5,6050,67477.5,6050,67510.0,32500,67477.0,6050,67510.5,9050,67476.5,20000,67512.5,100,67476.0,31530,67513.0,3660,67474.5,88550,67515.0,1500,67474.0,49440,67516.0,3200,67473.5,2230,67517.5,32500,67472.5,3660,67519.5,2190,67470.0,16740,67521.5,3700,67468.5,10000,67522.0,6060,67466.5,32590,67523.0,81240,67463.5,20000,67523.5,12100,67462.5,45000
2024-06-01 00:00:02,67495.5,20,67495.0,56320,67500.0,3230,67493.5,12100,67501.0,5000,67493.0,6880,67501.5,1170,67490.0,12100,67502.5,12100,67489.5,48190,67503.0,80000,67489.0,6000,67503.5,6050,67488.5,71760,67504.5,24190,67488.0,1220,67505.0,4870,67487.5,12480,67505.5,3820,67482.5,26630,67506.0,15000,67482.0,81190,67507.0,14540,67481.5,32500,67507.5,6050,67479.5,29480,67510.0,32500,67477.5,6050,67510.5,9050,67477.0,6050,67513.0,3660,67476.5,21520,67515.0,1500,67475.0,3660,67516.0,3200,67474.5,88550,67517.5,32500,67474.0,49440,67519.0,100,67473.5,2230,67519.5,2190,67472.5,15000,67521.5,3700,67470.5,90,67522.0,6060,67470.0,16740,67522.5,12100,67468.5,10000,67523.0,81240,67466.5,32500
2024-06-01 00:00:03,67495.5,6020,67495.0,56320,67500.0,3230,67492.5,12100,67500.5,5000,67492.0,6880,67501.0,12100,67490.0,12100,67501.5,1170,67489.5,48190,67503.0,80000,67489.0,6000,67503.5,6050,67488.5,72980,67504.5,24190,67487.5,380,67505.0,4870,67484.5,36290,67505.5,15920,67484.0,2440,67506.0,15000,67482.0,81190,67507.0,2440,67481.5,32500,67507.5,6050,67479.5,1190,67510.0,32500,67477.5,6050,67510.5,9050,67477.0,6050,67515.0,1500,67476.5,21520,67515.5,3660,67475.5,15000,67516.0,3200,67475.0,3660,67517.0,100,67474.5,88550,67517.5,32500,67474.0,49440,67519.5,12190,67473.5,2230,67521.5,3700,67470.5,90,67522.0,6060,67470.0,16740,67522.5,12100,67468.5,10000,67523.0,81240,67466.5,32500
2024-06-01 00:00:04,67495.5,6020,67495.0,88820,67500.0,10,67490.5,12100,67500.5,5000,67490.0,12100,67501.0,3220,67489.5,48190,67501.5,1170,67489.0,7220,67502.5,12100,67488.5,39260,67503.0,80000,67487.5,380,67503.5,6050,67487.0,36290,67504.5,25410,67484.0,2440,67505.0,4870,67482.0,81190,67505.5,15920,67481.5,32500,67506.0,15000,67480.0,28640,67507.5,6050,67479.5,1190,67509.0,2450,67477.5,6050,67510.0,32500,67477.0,6050,67510.5,6050,67476.5,21520,67515.0,1500,67475.5,15000,67515.5,3660,67475.0,3660,67516.0,3200,67474.5,88550,67517.0,100,67474.0,49440,67517.5,32500,67473.5,2230,67519.5,12190,67470.5,90,67521.5,3700,67470.0,16740,67522.0,6060,67468.5,10000,67522.5,12100,67466.5,32500
2024-06-01 00:00:05,67495.5,8220,67495.0,94070,67498.0,5000,67490.5,12100,67500.0,15010,67490.0,13320,67501.5,4370,67489.5,39270,67503.0,80000,67489.0,30190,67503.5,6050,67488.5,39260,67504.5,12100,67487.5,380,67505.5,5040,67485.0,2450,67507.0,24190,67483.5,3820,67507.5,9750,67482.0,81190,67510.0,34950,67481.5,32500,67510.5,6050,67477.5,6050,67514.0,4900,67477.0,6050,67514.5,12100,67476.5,40200,67515.0,1500,67474.5,88550,67517.0,100,67474.0,49440,67517.5,32500,67473.5,2230,67518.5,3680,67471.0,16830,67519.5,12190,67470.0,10000,67522.0,6060,67469.0,20000,67523.0,12100,67466.5,32500,67524.0,5090,67465.0,2950,67524.5,32500,67464.5,6740,67525.0,81240,67464.0,90,67525.5,2350,67462.5,47010
2024-06-01 00:00:06,67506.5,68000,67506.0,18230,67507.0,80000,67505.5,9870,67507.5,6050,67504.5,56910,67510.0,10,67502.0,24200,67510.5,6050,67501.5,65000,67511.5,12100,67498.5,3820,67512.0,1210,67498.0,6000,67514.0,4900,67495.5,12100,67515.0,3820,67495.0,37130,67516.5,26610,67490.5,81190,67517.0,12100,67489.5,7980,67517.5,32500,67488.5,39260,67519.5,2190,67487.5,50380,67522.0,16060,67482.5,17010,67523.5,100,67481.5,32500,67524.0,17190,67481.0,9980,67524.5,32500,67480.5,39960,67525.0,3200,67480.0,10000,67525.5,2350,67479.5,45920,67526.5,63670,67478.0,50000,67527.5,6050,67477.5,6050,67528.0,6060,67477.0,6050,67530.5,6050,67476.5,21520,67532.5,81240,67474.5,38550,67533.5,10,67474.0,49440
2024-06-01 00:00:07,67506.5,18500,67506.0,31700,67507.0,83220,67502.0,12100,67510.0,10,67501.5,65000,67513.5,12100,67499.0,1210,67514.0,4900,67498.5,3820,67515.0,17130,67498.0,12880,67515.5,24190,67497.0,36290,67518.5,2420,67493.5,2450,67519.5,2190,67491.0,12090,67521.5,1500,67490.5,81190,67522.0,6060,67489.5,7980,67524.0,17190,67488.5,39260,67524.5,32500,67487.5,50380,67525.0,3200,67485.0,3670,67525.5,2350,67484.0,29050,67526.5,60000,67483.0,90,67527.5,6050,67482.5,15000,67528.0,9690,67481.5,32500,67530.5,6050,67478.0,50000,67531.5,10000,67477.5,6050,67533.5,81350,67477.0,6050,67534.0,6050,67476.5,21520,67537.0,6050,67475.0,90,67538.0,32500,67474.5,38550,67539.0,380,67474.0,49440
2024-06-01 00:00:08,67518.0,5000,67517.5,90610,67519.5,2190,67515.0,3820,67520.5,2390,67513.0,35470,67522.0,10,67509.5,89030,67524.0,10,67507.5,1500,67527.5,6050,67507.0,21070,67528.0,9690,67506.5,47590,67530.0,12100,67506.0,55010,67530.5,6050,67504.5,20000,67531.5,10000,67503.0,50000,67533.0,28020,67502.5,6000,67533.5,10,67501.5,32500,67534.0,6050,67500.0,10000,67537.0,6050,67499.0,81190,67537.5,12100,67497.0,2230,67538.0,32500,67496.0,2390,67539.0,4680,67495.5,50000,67539.5,10,67491.5,20000,67542.5,81240,67490.5,15000,67543.5,6050,67489.5,7980,67545.5,4780,67488.5,39260,67547.0,6350,67488.0,47230,67547.5,100,67487.5,3970,67548.0,38560,67484.0,29050,67548.5,2000,67483.0,90
2024-06-01 00:00:09,67519.5,8240,67519.0,86270,67521.0,3220,67518.0,6000,67522.0,10,67517.5,3820,67523.0,1190,67516.5,1080,67523.5,5000,67515.5,6880,67524.0,32310,67512.5,24200,67525.0,15000,67512.0,12100,67526.5,44600,67511.5,2170,67527.0,4680,67510.0,24190,67527.5,6050,67509.5,32500,67528.0,6060,67507.5,1500,67529.5,24190,67506.0,1180,67530.0,12100,67503.5,81190,67530.5,6050,67502.5,3260,67531.5,3820,67501.5,32500,67533.5,1090,67497.0,10000,67534.0,16050,67496.5,19710,67536.5,1490,67492.5,49440,67537.0,6050,67491.0,90,67538.0,32500,67490.5,15000,67539.5,2180,67489.5,26770,67543.5,6050,67489.0,20000,67546.0,12100,67488.5,39260,67547.0,6050,67488.0,45090,67547.5,81240,67487.5,380
2024-06-01 00:00:10,67519.5,10490,67519.0,98040,67522.0,10,67518.5,4870,67523.0,4410,67518.0,6000,67523.5,5000,67517.5,3820,67524.0,10,67512.5,12100,67525.0,15000,67512.0,12100,67527.0,4680,67511.5,2170,67527.5,18150,67510.5,12100,67528.0,6060,67510.0,24190,67529.5,24190,67509.5,32500,67530.0,12100,67507.5,1500,67530.5,6050,67506.5,81190,67531.5,3820,67506.0,1180,67533.5,1100,67502.5,3260,67534.0,16050,67501.5,32500,67536.5,1490,67497.5,90,67537.0,6050,67497.0,25000,67538.0,34670,67496.5,10000,67539.5,10,67496.0,1530,67543.5,6050,67495.0,50000,67546.0,12100,67492.5,49440,67547.0,6050,67489.5,26050,67548.0,41820,67489.0,22230,67548.5,3420,67488.5,39350,67549.5,81240,67488.0,45380
2024-06-01 00:00:11,67519.5,10490,67519.0,102180,67522.0,10,67518.5,4870,67523.0,4410,67518.0,7100,67523.5,5000,67517.5,3820,67524.0,10,67515.5,6880,67525.0,15000,67513.5,12100,67527.0,4680,67513.0,2190,67527.5,18150,67511.0,12100,67528.0,6060,67510.5,12100,67529.5,24190,67510.0,24190,67530.0,12100,67509.5,32500,67530.5,6050,67507.5,1500,67531.5,3820,67506.0,1180,67533.5,10,67504.5,81190,67534.0,16050,67503.5,20000,67536.5,1490,67502.5,3260,67537.0,6050,67502.0,100,67538.0,32500,67501.5,32500,67538.5,2200,67500.0,15000,67539.5,10,67497.0,10000,67543.5,6050,67496.0,11530,67547.0,6050,67495.0,50000,67547.5,12100,67492.5,49440,67548.0,123060,67489.5,6050,67548.5,3420,67489.0,22320
2024-06-01 00:00:12,67519.5,4440,67519.0,149160,67522.0,10,67518.5,720,67523.0,1190,67518.0,6000,67524.0,10,67517.5,3820,67524.5,5000,67516.0,6880,67525.0,15000,67513.5,12100,67527.5,6050,67510.5,12090,67528.0,6060,67510.0,24190,67530.0,12100,67509.5,32500,67530.5,6050,67508.0,84590,67531.5,3820,67507.5,1500,67533.0,24190,67506.0,1180,67533.5,10,67504.0,50000,67534.0,16050,67503.5,20000,67536.0,12100,67502.0,100,67536.5,1490,67501.5,32500,67537.0,6050,67500.0,15000,67538.0,32500,67497.0,10000,67539.5,10,67496.0,1530,67542.0,2260,67495.0,50000,67543.5,6050,67492.5,49440,67547.0,6050,67491.5,4530,67547.5,12100,67489.5,6050,67548.0,38560,67489.0,22320,67550.0,27870,67488.5,39260
2024-06-01 00:00:13,67522.0,10,67521.5,200490,67524.0,10,67519.5,30190,67528.0,10,67519.0,80660,67530.5,6050,67518.5,720,67533.5,5010,67517.5,3820,67534.0,6050,67516.0,81190,67536.0,3220,67515.5,3400,67537.0,6050,67512.0,12090,67539.5,48400,67511.5,50000,67540.0,12100,67509.5,32500,67540.5,3820,67507.5,1500,67543.0,1510,67506.0,1180,67543.5,6050,67505.0,10000,67547.0,6050,67504.5,90,67548.0,38560,67503.5,20000,67549.0,2260,67503.0,15000,67550.0,27870,67501.5,32500,67551.0,10000,67501.0,3240,67552.0,15000,67500.5,6750,67552.5,45000,67498.5,1900,67553.5,4190,67498.0,2230,67555.0,32500,67497.0,10000,67557.0,10,67496.0,6060,67557.5,3400,67495.0,50000,67559.0,81240,67492.5,59440
2024-06-01 00:00:14,67522.0,10,67521.5,224680,67524.0,10,67520.0,36290,67528.0,10,67519.5,6000,67528.5,13510,67519.0,74940,67530.0,5000,67518.5,720,67530.5,6050,67517.5,3820,67531.5,15000,67516.0,81190,67533.5,10,67515.5,3400,67534.0,6050,67511.5,50000,67537.0,6050,67510.5,30220,67539.5,10,67510.0,15000,67540.0,12100,67509.5,32500,67541.0,3820,67507.5,1500,67543.0,36290,67506.5,45000,67543.5,6050,67506.0,1180,67545.0,1110,67505.0,10000,67547.0,6050,67504.0,90,67547.5,12100,67503.5,20000,67548.0,38560,67501.5,32500,67549.0,2260,67501.0,3240,67550.0,27870,67500.5,6750,67552.0,15000,67498.5,1900,67552.5,45000,67498.0,2230,67553.0,10000,67497.0,10000,67553.5,4190,67496.0,6060
2024-06-01 00:00:15,67528.0,2160,67527.5,207920,67528.5,18510,67526.5,32500,67533.5,10,67526.0,6880,67534.0,6050,67524.0,12100,67535.0,3220,67523.5,6860,67537.0,6050,67520.0,12100,67539.5,12110,67519.5,12100,67540.0,24190,67519.0,32500,67540.5,12100,67518.5,720,67541.0,3820,67518.0,24190,67543.5,6050,67517.5,20000,67547.0,6050,67517.0,3350,67547.5,12100,67515.5,81190,67548.0,38560,67515.0,50000,67550.0,27870,67513.5,15000,67552.0,15000,67510.5,30220,67552.5,47230,67510.0,100,67553.0,10000,67509.5,32500,67555.0,32500,67509.0,49440,67556.5,2000,67507.5,1500,67557.0,10,67506.5,55000,67559.5,6250,67501.5,32500,67560.5,84660,67501.0,7710,67561.0,2230,67500.5,6750,67561.5,3360,67498.5,1900
2024-06-01 00:00:16,67528.0,2160,67527.5,227040,67528.5,18510,67526.5,32500,67533.5,10,67525.5,2230,67534.0,6050,67524.0,12100,67535.0,3220,67523.5,3820,67536.5,12100,67521.0,12100,67537.0,6050,67520.5,12100,67539.5,12110,67519.0,32500,67540.0,24190,67518.5,720,67541.0,3820,67518.0,24190,67543.5,6050,67517.5,20000,67546.5,1110,67517.0,3350,67547.0,6050,67515.0,50000,67547.5,12100,67514.0,81190,67548.0,38560,67513.5,15000,67550.0,27870,67510.5,30220,67550.5,2230,67510.0,100,67552.0,15000,67509.5,32500,67552.5,45000,67509.0,49440,67553.0,10000,67507.5,1500,67555.0,32500,67506.5,45000,67556.5,2000,67501.5,32500,67557.0,10,67501.0,7710,67559.5,6250,67500.5,6750,67560.5,84660,67498.5,1900
2024-06-01 00:00:17,67528.0,2160,67527.5,224000,67528.5,18510,67526.5,32500,67533.5,10,67524.0,12100,67534.0,9270,67523.5,3820,67536.5,12100,67520.0,12100,67537.0,6050,67519.0,32500,67539.5,10,67517.5,44190,67540.0,24190,67517.0,3350,67540.5,12100,67516.0,12090,67541.0,3820,67515.0,50000,67543.0,4680,67514.0,81190,67543.5,6050,67513.5,15000,67547.0,6050,67510.5,30220,67547.5,12100,67510.0,100,67548.0,38560,67509.5,32500,67550.0,27870,67509.0,59440,67552.0,15000,67507.5,1500,67552.5,47240,67506.5,45000,67553.0,10000,67501.5,32500,67555.0,32500,67501.0,7710,67556.5,2000,67500.5,6750,67557.0,10,67498.5,1900,67559.0,81240,67498.0,2230,67559.5,6250,67495.5,90,67560.5,3420,67495.0,50000
2024-06-01 00:00:18,67528.0,2160,67527.5,234180,67528.5,13510,67526.5,32500,67529.0,5000,67524.0,12100,67533.5,10,67523.5,3820,67534.0,9270,67520.0,12100,67536.5,12100,67519.5,12100,67537.0,6050,67519.0,33710,67538.5,24190,67517.5,44190,67539.0,1220,67517.0,3350,67539.5,12110,67515.0,50000,67540.0,2540,67514.0,81190,67541.0,3820,67513.5,15000,67543.0,4680,67510.5,30220,67543.5,6050,67510.0,100,67546.0,1120,67509.5,32500,67547.0,6050,67509.0,59440,67547.5,12100,67508.0,1490,67548.0,38560,67507.5,1500,67550.0,27870,67506.5,45000,67551.0,2240,67505.0,50000,67552.0,15000,67501.5,32500,67552.5,46520,67501.0,7710,67553.0,10000,67500.5,6750,67555.0,32500,67498.5,1900,67556.5,2000,67498.0,2230
2024-06-01 00:00:19,67528.0,26720,67527.5,98960,67529.5,3220,67526.5,1120,67532.0,32200,67522.0,12100,67532.5,15000,67521.5,2250,67533.5,12110,67520.0,720,67534.0,6050,67519.5,12100,67535.5,24190,67519.0,33710,67536.5,12100,67517.5,32100,67537.0,6050,67513.5,24190,67539.0,1220,67513.0,3370,67539.5,10,67510.5,100,67540.0,2540,67510.0,81190,67541.0,3820,67509.5,32500,67542.0,1120,67509.0,59440,67543.0,4680,67508.0,1490,67543.5,6050,67507.5,1500,67547.0,6050,67506.5,45000,67547.5,14350,67505.0,15000,67548.0,38560,67501.5,32500,67550.0,27870,67501.0,3240,67552.0,15000,67498.5,1900,67552.5,46520,67498.0,2230,67553.0,10000,67496.0,90,67554.5,81240,67495.5,5760,67555.0,32500,67495.0,50000
2024-06-01 00:00:20,67528.0,41720,67527.5,98960,67529.5,3220,67526.5,1120,67533.5,12110,67522.0,12100,67534.0,6050,67521.5,2250,67536.5,36290,67521.0,12100,67537.0,6050,67520.0,720,67539.0,1220,67519.5,12100,67539.5,10,67519.0,33710,67540.0,2540,67513.5,24190,67541.0,3820,67513.0,3370,67541.5,1130,67510.0,81290,67543.0,4680,67509.5,32500,67543.5,6050,67509.0,59440,67547.0,6050,67508.0,1490,67547.5,14350,67507.5,1500,67548.0,38560,67506.5,45000,67550.0,27870,67505.0,15000,67552.0,15000,67501.5,32500,67552.5,46520,67501.0,3240,67553.0,10000,67498.5,1900,67555.0,32500,67498.0,2230,67555.5,81240,67496.0,90,67556.0,3370,67495.5,36440,67556.5,2000,67495.0,50000,67557.0,10,67492.5,10000
2024-06-01 00:00:21,67528.0,35670,67527.5,140200,67533.5,10,67526.5,1130,67534.0,6050,67525.0,3820,67536.5,12100,67521.0,2270,67537.0,6050,67520.5,24200,67538.5,36290,67520.0,720,67539.0,1220,67519.0,33710,67539.5,10,67514.0,12090,67540.0,2540,67513.5,105380,67541.0,4950,67513.0,3370,67543.0,4680,67510.5,100,67543.5,6050,67509.5,32500,67546.0,2270,67509.0,59440,67547.0,6050,67508.0,1490,67547.5,12100,67507.5,1500,67548.0,38560,67506.5,45000,67550.0,27870,67502.5,10000,67551.0,10000,67501.5,32500,67552.0,15000,67501.0,3240,67552.5,46520,67498.5,1900,67555.0,32500,67498.0,2230,67555.5,81240,67497.0,6740,67556.0,3370,67496.5,90,67556.5,2000,67496.0,50000,67557.0,10,67495.5,36440
2024-06-01 00:00:22,67528.0,38670,67527.5,108900,67530.0,3220,67527.0,1130,67533.5,10,67526.5,6880,67534.0,6050,67525.0,3820,67536.5,24200,67523.5,2270,67537.0,6050,67520.5,24200,67538.0,24190,67520.0,720,67539.0,1220,67519.0,33710,67539.5,10,67516.0,24190,67540.0,2540,67515.5,3410,67541.0,3820,67510.5,12190,67543.0,4680,67510.0,81190,67543.5,6050,67509.5,32500,67547.0,6050,67509.0,59440,67547.5,12100,67508.0,1490,67548.0,38560,67507.5,1500,67550.0,27870,67506.5,45000,67551.0,10000,67503.5,15000,67552.0,15000,67501.5,32500,67552.5,46520,67501.0,3240,67555.0,32500,67498.5,1900,67555.5,81240,67498.0,2230,67556.0,3370,67497.5,90,67556.5,2000,67497.0,6740,67557.0,10,67496.0,50000
2024-06-01 00:00:23,67528.0,97440,67527.5,25270,67532.0,12100,67527.0,1130,67532.5,32200,67525.0,6880,67533.0,5020,67524.0,3800,67533.5,10,67521.5,2300,67534.0,6050,67520.0,12820,67534.5,12100,67519.5,12100,67535.0,32500,67519.0,33710,67536.5,24200,67516.5,12100,67537.0,6050,67513.0,24190,67539.0,1220,67512.5,3450,67539.5,10,67510.5,100,67540.0,2540,67510.0,81190,67541.0,3820,67509.5,32500,67541.5,1140,67509.0,59440,67543.5,6050,67508.0,1490,67547.0,8330,67507.5,1500,67547.5,12100,67506.5,45000,67548.0,38560,67501.5,32500,67550.0,27870,67501.0,3240,67551.0,10000,67498.5,1900,67552.0,15000,67498.0,2230,67552.5,46520,67496.0,90,67555.0,32500,67495.5,12500,67556.0,84610,67495.0,50000
2024-06-01 00:00:24,67528.0,174240,67527.5,18330,67530.5,12100,67523.5,4370,67531.0,32200,67521.5,3800,67531.5,24190,67520.0,720,67532.5,32200,67519.0,36010,67533.0,5020,67517.5,4960,67533.5,10,67514.5,12100,67534.0,6050,67512.5,12100,67534.5,3800,67512.0,6880,67535.0,32500,67511.0,12100,67537.0,6050,67510.0,24290,67538.5,1150,67509.5,35950,67539.0,1220,67509.0,59440,67539.5,10,67507.5,1500,67540.0,2540,67507.0,81190,67542.5,2300,67506.5,45000,67543.5,6050,67501.5,32500,67546.5,12100,67498.5,1900,67547.0,6050,67498.0,2230,67548.0,38560,67496.0,90,67550.0,27870,67495.5,5760,67551.0,10000,67493.5,6740,67551.5,81240,67492.5,50000,67552.0,15000,67490.0,5110,67552.5,46520,67489.5,6050
2024-06-01 00:00:25,67528.0,194640,67527.5,18330,67529.5,12100,67524.0,1150,67530.0,32200,67523.5,3220,67530.5,12100,67520.5,32500,67532.0,24200,67520.0,3800,67532.5,32200,67519.0,3510,67533.0,5020,67517.5,4960,67533.5,10,67513.0,12100,67534.0,6050,67512.5,24200,67534.5,3800,67510.0,100,67535.0,32500,67509.5,67020,67537.0,6050,67509.0,59440,67538.5,1150,67507.5,1500,67539.0,1220,67507.0,81190,67539.5,10,67506.5,45000,67540.0,2540,67505.0,720,67542.5,2300,67501.5,52510,67543.5,6050,67498.5,1900,67546.5,12100,67498.0,2230,67547.0,6050,67496.0,90,67548.0,38560,67495.5,5760,67549.5,81240,67493.5,6740,67550.0,27870,67492.5,50000,67551.0,13470,67490.0,5110,67552.0,15000,67489.5,6050
2024-06-01 00:00:26,67528.0,223770,67527.5,12330,67531.5,32200,67523.5,3220,67532.0,24190,67523.0,6000,67533.5,10,67519.0,5010,67534.0,6050,67517.5,4960,67534.5,3800,67516.5,2330,67535.0,32500,67513.0,24200,67537.0,6050,67510.0,12200,67539.0,1220,67509.5,60140,67539.5,10,67509.0,59440,67540.0,2540,67507.5,1500,67541.0,2330,67506.5,45000,67542.0,3420,67505.5,81190,67543.5,6050,67505.0,720,67547.0,87290,67501.5,32500,67547.5,12100,67498.5,1900,67548.0,38560,67496.0,90,67550.0,27870,67495.5,5760,67551.0,13470,67493.5,6740,67552.0,15000,67492.5,50000,67552.5,48750,67490.0,5110,67555.0,32500,67489.5,6050,67556.0,6750,67488.5,38550,67556.5,2000,67487.5,90,67557.0,10,67487.0,16800
2024-06-01 00:00:27,67528.0,223770,67527.5,11950,67531.5,32200,67524.0,380,67532.0,24190,67523.0,9220,67533.5,10,67521.5,1170,67534.0,6050,67520.5,6880,67534.5,3800,67519.0,5010,67535.0,32500,67517.5,4960,67536.0,1170,67516.5,2330,67537.0,6050,67512.0,12100,67539.0,1220,67511.0,12100,67539.5,10,67510.0,12200,67540.0,2540,67509.5,32500,67541.0,2330,67509.0,59440,67542.0,3420,67507.5,1500,67543.5,6050,67507.0,24190,67546.5,81240,67506.5,48490,67547.0,6050,67505.0,720,67547.5,12100,67502.0,81190,67548.0,38560,67501.5,52510,67550.0,27870,67498.5,1900,67551.0,13470,67496.0,90,67552.0,15000,67495.5,1270,67552.5,48750,67493.5,6740,67554.5,6880,67492.5,50000,67555.0,32500,67491.0,2230
2024-06-01 00:00:28,67528.0,229560,67527.5,7140,67530.0,32200,67519.0,380,67533.5,10,67518.5,9220,67534.0,6050,67517.5,4960,67535.0,32500,67517.0,3800,67535.5,2350,67512.0,2340,67537.0,6050,67510.5,100,67539.5,10,67510.0,12100,67540.0,2540,67509.5,32500,67542.0,3420,67509.0,49440,67542.5,12100,67507.5,1500,67543.0,81240,67507.0,24200,67543.5,6050,67506.5,45000,67544.5,2230,67505.0,720,67545.5,3510,67504.0,24190,67546.0,2190,67503.5,3510,67547.0,6050,67501.5,32500,67548.0,38560,67499.5,81190,67548.5,10000,67499.0,10000,67550.0,27870,67496.0,90,67552.0,15000,67491.0,2230,67552.5,46520,67490.5,4660,67555.0,32500,67490.0,6380,67556.0,8750,67489.5,6050,67557.0,10,67489.0,15000
2024-06-01 00:00:29,67519.5,153730,67519.0,200,67521.5,56700,67518.5,6000,67522.0,3800,67513.0,10680,67524.5,32200,67509.5,37350,67525.0,6050,67509.0,49440,67527.5,32200,67508.0,2360,67528.0,41560,67507.5,1500,67529.0,1200,67505.0,720,67533.5,2370,67503.5,12100,67534.0,6050,67503.0,12100,67535.0,32500,67502.5,12200,67537.0,6050,67501.5,32500,67537.5,1520,67500.0,3550,67539.0,12100,67499.5,24190,67539.5,81250,67499.0,10000,67540.0,2740,67498.5,200,67541.0,10000,67497.5,1510,67542.0,3420,67495.5,81190,67543.0,3550,67495.0,20000,67543.5,6050,67492.5,10000,67544.5,2230,67491.0,2230,67546.0,2190,67490.0,51270,67547.0,6050,67489.5,6050,67548.0,45440,67489.0,90,67548.5,6750,67488.5,38550
2024-06-01 00:00:30,67515.5,165260,67515.0,200,67516.0,8550,67510.5,380,67516.5,64600,67509.0,49440,67517.5,5000,67508.5,3220,67519.0,38150,67507.5,1500,67519.5,53560,67505.0,720,67521.0,32100,67502.0,100,67521.5,32100,67501.5,32500,67525.0,6050,67499.5,4850,67528.0,41560,67499.0,3800,67529.0,1200,67495.5,36300,67533.5,10,67495.0,20000,67534.0,6050,67494.5,24390,67534.5,81240,67490.5,81190,67535.0,32500,67490.0,1270,67536.0,200,67489.5,6050,67537.0,8280,67489.0,10000,67537.5,1520,67488.5,38550,67539.5,10,67488.0,45000,67540.0,2540,67487.5,380,67541.0,16750,67487.0,100,67542.0,3420,67484.0,101440,67543.5,6050,67481.5,32500,67546.0,2190,67479.5,20010,67547.0,6050,67477.5,6050
2024-06-01 00:00:31,67515.5,141620,67515.0,580,67516.0,3800,67511.0,3220,67516.5,32510,67509.5,6000,67517.5,12100,67509.0,49440,67518.0,27900,67508.0,1190,67518.5,24200,67507.5,1500,67519.0,38150,67505.0,720,67519.5,38560,67504.0,2380,67521.0,32100,67502.0,12100,67522.5,1190,67501.5,32500,67525.0,6050,67499.5,29050,67527.5,2380,67499.0,3800,67528.0,41560,67496.5,100,67529.0,1200,67496.0,24190,67533.5,10,67495.0,20000,67534.0,18150,67494.5,200,67535.0,32500,67494.0,81190,67536.0,3770,67493.5,33260,67536.5,81240,67490.0,1270,67537.0,8280,67489.5,6050,67537.5,1520,67489.0,20000,67539.0,10000,67488.5,38550,67539.5,10,67488.0,45000,67540.0,2540,67487.5,380,67542.0,3420,67484.5,90
2024-06-01 00:00:32,67515.5,169620,67515.0,580,67516.0,23800,67511.0,3220,67516.5,32510,67509.5,6000,67518.0,27900,67509.0,49440,67518.5,24200,67508.0,1190,67519.0,38150,67507.5,1500,67519.5,38560,67506.5,6880,67522.5,1190,67505.0,720,67525.0,6050,67504.5,1210,67527.5,2380,67504.0,2380,67528.0,41560,67502.0,12100,67529.0,1200,67501.5,32500,67533.5,10,67500.0,12100,67534.0,63150,67499.5,16950,67535.0,32500,67499.0,3800,67536.0,3770,67496.5,100,67536.5,81240,67496.0,24190,67537.0,8280,67495.0,20000,67537.5,1520,67494.5,200,67539.0,10000,67494.0,81190,67539.5,10,67493.5,33260,67540.0,2540,67491.0,1480,67542.0,3420,67489.5,6050,67543.5,6050,67489.0,10000,67546.0,2190,67488.5,38550
2024-06-01 00:00:33,67515.5,157520,67515.0,5510,67516.0,15900,67511.0,3220,67516.5,32510,67509.5,6000,67518.0,27900,67508.0,1190,67518.5,24200,67507.5,1500,67519.0,38150,67505.0,720,67519.5,38560,67504.5,1210,67522.5,1190,67504.0,2380,67525.0,6050,67502.0,12100,67527.5,2380,67501.5,32500,67528.0,41560,67500.0,24200,67529.0,1200,67499.5,4850,67533.5,10,67499.0,3800,67534.0,63150,67498.5,49440,67535.0,32500,67497.5,100,67536.0,3770,67496.0,24190,67536.5,81240,67495.0,20000,67537.0,8280,67494.5,200,67537.5,1520,67494.0,81190,67539.0,10000,67493.5,33260,67539.5,10,67491.0,1480,67540.0,2540,67489.5,6050,67542.0,3420,67489.0,10000,67543.5,6050,67488.5,38550,67546.0,2190,67488.0,45000
2024-06-01 00:00:34,67515.5,175820,67515.0,5510,67516.0,24500,67511.0,3220,67516.5,32510,67509.5,12880,67517.5,12100,67507.5,1500,67518.0,27900,67507.0,1200,67518.5,24200,67505.0,720,67519.0,38150,67504.5,1210,67519.5,38560,67504.0,2380,67522.0,1200,67502.0,24200,67525.0,6050,67501.5,32500,67527.5,2380,67500.0,12100,67528.0,41560,67499.5,4850,67529.0,1200,67499.0,3800,67533.5,10,67498.5,49440,67534.0,63150,67496.5,100,67535.0,32500,67496.0,24190,67536.0,3770,67495.0,20000,67536.5,81240,67494.5,200,67537.0,8280,67494.0,81190,67537.5,1520,67493.5,33260,67539.0,10000,67491.0,1480,67539.5,10,67489.5,6050,67540.0,2540,67489.0,10000,67542.0,3420,67488.5,38550,67543.5,6050,67488.0,45000
2024-06-01 00:00:35,67515.5,99120,67515.0,5510,67516.0,15900,67511.0,3220,67516.5,10,67509.5,6000,67519.0,50250,67507.5,1500,67519.5,6060,67505.0,12820,67522.5,24200,67504.5,13310,67525.0,6050,67504.0,2380,67528.0,41560,67502.0,12100,67529.0,1200,67501.5,32500,67529.5,2410,67499.5,4850,67533.5,10,67499.0,27990,67534.0,63150,67498.5,49440,67535.0,32500,67497.0,100,67536.0,3770,67496.5,3610,67536.5,81240,67494.5,200,67537.0,8280,67494.0,81190,67537.5,1520,67493.5,29690,67539.0,10000,67491.0,1480,67539.5,10,67489.5,6050,67540.0,2540,67489.0,10000,67542.0,3420,67488.5,38550,67543.5,6050,67488.0,45000,67546.0,2190,67486.5,380,67546.5,6880,67484.5,90,67547.0,6050,67484.0,116440
2024-06-01 00:00:36,67515.5,99130,67515.0,5510,67516.0,3800,67511.0,3220,67516.5,10,67510.0,11780,67517.5,12100,67509.5,6000,67518.0,32100,67507.5,1500,67518.5,44200,67505.0,720,67519.0,6050,67504.5,1210,67519.5,6060,67504.0,2380,67522.0,24200,67503.5,12100,67522.5,1200,67503.0,12100,67525.0,6050,67502.0,12100,67528.0,43970,67501.5,32500,67529.0,1200,67499.0,27990,67533.5,10,67498.5,49440,67534.0,63150,67497.0,100,67535.0,32500,67496.5,3610,67536.0,3770,67494.5,200,67536.5,81240,67494.0,81190,67537.0,8280,67493.5,29690,67537.5,1520,67491.0,1480,67539.0,10000,67489.5,6050,67539.5,10,67489.0,10000,67540.0,2540,67488.5,38550,67542.0,3420,67488.0,45380,67543.5,6050,67485.0,90
2024-06-01 00:00:37,67515.5,41660,67515.0,41040,67516.5,10,67513.5,9220,67519.0,6050,67512.0,1210,67519.5,6060,67510.5,12100,67523.0,12100,67510.0,4900,67524.0,12100,67509.0,2420,67524.5,24200,67508.0,12100,67525.0,6050,67507.5,1500,67527.0,1210,67505.0,12820,67528.0,41560,67504.5,25400,67531.5,2420,67501.5,32500,67533.5,10,67500.5,3630,67534.0,51050,67499.0,3800,67535.0,32500,67498.5,49440,67536.0,200,67497.0,81290,67537.0,8280,67494.5,200,67537.5,1520,67493.5,29690,67539.0,10000,67491.0,11480,67539.5,10,67489.5,6050,67540.0,6170,67489.0,10000,67541.5,81240,67488.5,38550,67542.0,3420,67488.0,380,67543.5,6050,67485.0,90,67546.0,2190,67484.5,8010,67546.5,6880,67484.0,116440
2024-06-01 00:00:38,67515.5,83320,67515.0,9230,67516.0,7020,67513.5,9220,67516.5,10,67511.0,1210,67519.0,6050,67510.5,12100,67519.5,7260,67510.0,4900,67523.5,36290,67508.0,12100,67524.0,12100,67507.5,1500,67525.0,6050,67507.0,2420,67528.0,41560,67505.5,12100,67530.0,2420,67505.0,720,67533.5,12110,67504.5,1210,67534.0,51050,67502.0,24190,67535.0,32500,67501.5,32500,67536.0,200,67499.5,81190,67537.0,8280,67499.0,3800,67537.5,1520,67498.5,49440,67539.0,10000,67497.5,3630,67539.5,10,67495.0,100,67540.0,6170,67494.5,200,67542.0,3420,67493.5,29690,67543.0,81240,67491.0,11480,67543.5,6050,67489.5,21050,67546.0,2190,67489.0,10000,67546.5,6880,67488.5,38550,67547.0,6050,67486.5,380
2024-06-01 00:00:39,67515.5,83320,67515.0,8540,67516.0,3220,67513.5,9220,67516.5,10,67511.5,1210,67519.0,6050,67510.5,12100,67519.5,7260,67510.0,4900,67523.5,12100,67509.0,12100,67524.0,12100,67507.5,13600,67524.5,24200,67507.0,2420,67525.0,6050,67505.0,24910,67528.0,41560,67504.5,1210,67530.0,2420,67501.5,32500,67533.5,12110,67499.5,81190,67534.0,51050,67499.0,3800,67535.0,32500,67498.5,49440,67536.0,200,67498.0,100,67537.0,8280,67497.5,3630,67537.5,1520,67494.5,200,67539.0,10000,67493.5,29690,67539.5,10,67491.0,11480,67540.0,6170,67489.5,21050,67542.0,3420,67489.0,10000,67543.0,81240,67488.5,38550,67543.5,6050,67488.0,380,67546.0,2190,67485.0,90,67546.5,6880,67484.5,8010
2024-06-01 00:00:40,67515.5,86540,67515.0,41040,67516.5,10,67514.0,12100,67519.0,6050,67513.5,9220,67519.5,7260,67510.5,12100,67523.5,12100,67510.0,4900,67524.5,24200,67509.0,6880,67525.0,18150,67508.0,12100,67526.5,1210,67507.5,1500,67528.0,41560,67507.0,2420,67530.0,2420,67505.0,24910,67533.5,12110,67504.5,1210,67534.0,51050,67501.5,32500,67535.0,32500,67499.5,81190,67536.0,200,67499.0,3800,67537.0,8280,67498.5,49440,67539.0,10000,67498.0,100,67539.5,10,67497.5,3630,67540.0,6170,67494.5,200,67542.0,3420,67493.5,44690,67543.0,81240,67491.0,1480,67543.5,6050,67489.5,6050,67546.0,2190,67489.0,10000,67546.5,6880,67488.5,38550,67547.0,6050,67488.0,380,67548.0,38560,67485.0,90
2024-06-01 00:00:41,67515.5,21660,67515.0,194400,67516.0,5000,67514.0,12100,67516.5,10,67513.5,9220,67519.0,6050,67513.0,2440,67519.5,7260,67510.5,24190,67521.5,3220,67510.0,4900,67525.0,9850,67507.5,1500,67528.0,9060,67507.0,12090,67531.5,48390,67506.5,81190,67533.5,10,67506.0,3800,67534.0,6050,67505.0,720,67535.0,32500,67504.5,1210,67535.5,2440,67503.0,3650,67536.0,200,67502.5,50000,67537.0,6050,67501.5,32500,67539.5,45010,67498.5,49440,67540.0,2540,67495.0,90,67543.5,6050,67494.5,10200,67545.5,3660,67493.5,44690,67546.0,2190,67491.0,1480,67546.5,12100,67489.5,6050,67547.0,6050,67489.0,10000,67547.5,5650,67488.5,38640,67548.0,38560,67488.0,380,67548.5,10000,67485.5,90
2024-06-01 00:00:42,67515.5,15610,67515.0,270540,67516.5,10,67514.0,3800,67517.5,5000,67513.5,9220,67519.0,6050,67511.0,81190,67519.5,6060,67510.0,4900,67520.5,1200,67507.5,5170,67523.5,15000,67505.0,720,67525.0,6050,67504.5,1210,67527.5,3800,67503.0,12090,67528.0,9060,67502.5,50000,67533.5,10,67501.5,32500,67534.0,19660,67500.0,15000,67535.0,32500,67499.5,10000,67535.5,12100,67498.5,49440,67536.0,1420,67495.5,90,67536.5,24200,67495.0,6740,67537.0,6050,67494.5,200,67539.5,47440,67493.5,29690,67540.0,2540,67492.0,2230,67543.5,6050,67491.0,1480,67546.0,2190,67489.5,10940,67547.0,6050,67489.0,16740,67547.5,14330,67488.5,39020,67548.0,42230,67487.5,3240,67548.5,10000,67485.0,90
2024-06-01 00:00:43,67515.5,15610,67515.0,246390,67516.5,10,67514.0,27990,67519.0,6050,67513.5,9220,67519.5,6060,67511.5,12090,67520.5,1200,67511.0,81190,67521.0,5000,67510.0,4900,67523.5,15000,67507.5,5170,67525.0,6050,67505.0,720,67526.0,3220,67504.5,1210,67527.5,3800,67503.5,15000,67528.0,9060,67502.5,50000,67533.0,12100,67501.5,32500,67533.5,4650,67498.5,49440,67534.0,7560,67495.5,90,67535.0,32500,67495.0,6740,67536.0,24400,67494.5,200,67536.5,12100,67493.5,29690,67537.0,6050,67492.5,50000,67539.5,47440,67492.0,2230,67540.0,2540,67491.0,1480,67543.5,6050,67489.5,10940,67546.0,2190,67489.0,10000,67547.0,6050,67488.5,38930,67547.5,14330,67488.0,90,67548.0,42230,67487.5,3240
2024-06-01 00:00:44,67515.5,15630,67515.0,246390,67516.5,10,67514.0,27990,67519.0,6050,67513.5,9220,67519.5,6060,67511.0,81190,67520.5,1200,67510.0,4900,67523.0,5000,67507.5,5170,67523.5,15000,67505.0,720,67525.0,6050,67504.5,1210,67526.0,3220,67504.0,12090,67527.5,3800,67503.5,15000,67528.0,9060,67502.5,50000,67533.0,12100,67501.5,32500,67533.5,4650,67499.0,90,67534.0,7560,67498.5,49440,67534.5,13320,67495.0,6740,67535.0,32500,67494.5,200,67536.0,200,67493.5,29690,67536.5,24200,67492.5,50000,67537.0,6050,67492.0,2230,67539.5,47440,67491.0,1480,67540.0,2540,67489.5,10940,67543.5,6050,67489.0,10000,67546.0,2190,67488.5,38930,67547.0,6050,67488.0,90,67547.5,14330,67487.5,3240
2024-06-01 00:00:45,67515.5,15630,67515.0,253430,67516.5,10,67514.0,3800,67519.0,6050,67513.5,9220,67519.5,6060,67512.5,24190,67522.0,5000,67511.0,81190,67523.5,15000,67510.0,4900,67525.0,6050,67507.5,5170,67526.0,3220,67505.0,720,67528.0,9060,67504.5,1210,67530.0,3800,67504.0,12090,67533.0,12100,67503.5,15000,67533.5,4650,67502.5,50000,67534.0,7270,67501.5,32500,67534.5,36290,67499.0,90,67535.0,32500,67498.5,49440,67536.0,200,67495.0,6740,67537.0,6050,67494.5,200,67539.5,47440,67493.5,29690,67540.0,2540,67492.5,50000,67543.5,6050,67492.0,2230,67546.0,2190,67491.0,1480,67547.0,6050,67489.5,11320,67547.5,14330,67489.0,10000,67548.0,42220,67488.5,38550,67548.5,10000,67488.0,90
2024-06-01 00:00:46,67515.5,15630,67515.0,255120,67516.5,10,67514.0,3800,67519.0,6050,67513.5,9220,67519.5,6060,67509.0,24190,67522.0,5000,67508.5,12090,67523.0,3220,67508.0,81190,67523.5,15000,67507.5,5170,67525.0,6050,67505.0,720,67528.0,9060,67504.5,1210,67530.0,3800,67502.5,50000,67532.5,12100,67501.5,32500,67533.0,12100,67499.0,90,67533.5,5870,67498.5,49440,67534.0,6050,67495.0,6740,67534.5,24190,67494.5,200,67535.0,32500,67493.5,29690,67536.0,200,67492.0,2230,67537.0,6050,67491.0,51480,67538.0,2450,67489.5,11320,67539.5,45000,67489.0,10090,67540.0,2540,67488.5,38550,67543.5,6050,67487.5,3240,67546.0,2190,67485.0,90,67547.0,6050,67484.5,6380,67547.5,14330,67484.0,101440
2024-06-01 00:00:47,67515.5,15630,67515.0,252080,67516.5,10,67514.0,3800,67519.0,6050,67513.5,9220,67519.5,6060,67509.0,24190,67521.0,1180,67508.5,12090,67522.0,5000,67508.0,81190,67525.0,24270,67507.5,5170,67528.0,9060,67505.0,720,67530.0,3800,67504.5,1210,67533.0,12100,67503.5,15000,67533.5,5870,67502.5,50000,67534.0,6050,67501.5,32500,67534.5,24190,67499.0,90,67535.0,32500,67498.5,49440,67536.0,200,67495.0,6740,67536.5,12100,67494.5,200,67537.0,6050,67493.5,29690,67538.0,2450,67492.0,2230,67539.5,45000,67491.0,51480,67540.0,2540,67489.5,11320,67543.5,6050,67489.0,10090,67546.0,2190,67488.5,38550,67547.0,6050,67487.5,3240,67547.5,14330,67485.0,90,67548.0,42220,67484.5,6380
2024-06-01 00:00:48,67515.5,15630,67515.0,255110,67516.5,10,67514.0,3800,67519.0,6050,67513.5,9220,67519.5,6060,67509.0,24190,67521.0,1180,67508.5,12090,67522.0,5000,67508.0,81190,67525.0,24270,67507.5,5170,67528.0,9060,67505.0,720,67530.0,3800,67504.5,1210,67533.0,12100,67503.5,15000,67533.5,4650,67502.5,50000,67534.0,6050,67501.5,32500,67534.5,25690,67499.0,90,67535.0,32500,67498.5,49440,67536.0,200,67495.0,6740,67536.5,12100,67494.5,200,67537.0,6050,67493.5,29690,67538.0,2450,67492.0,2230,67539.5,45000,67491.0,51480,67540.0,2540,67489.5,11320,67543.5,6050,67489.0,10090,67546.0,2190,67488.5,38550,67547.0,6050,67487.5,3240,67547.5,14330,67485.0,90,67548.0,42220,67484.5,6380
2024-06-01 00:00:49,67515.5,21680,67515.0,253420,67516.5,10,67514.0,3800,67519.0,6050,67513.5,6000,67519.5,6060,67509.0,24190,67521.0,1180,67508.5,12090,67521.5,5000,67508.0,81190,67525.0,24270,67507.5,5170,67528.0,9060,67505.0,720,67529.5,12100,67504.5,1210,67530.0,3800,67502.5,50000,67533.0,13330,67502.0,15000,67533.5,28840,67501.5,32500,67534.0,6050,67499.0,90,67534.5,1500,67498.5,49440,67535.0,32500,67495.0,6740,67536.0,200,67494.5,200,67537.0,6050,67493.5,29690,67538.0,2450,67492.0,2230,67539.5,45000,67491.0,51480,67540.0,2540,67489.5,11320,67543.5,6050,67489.0,10090,67546.0,2190,67488.5,38550,67547.0,6050,67487.5,3240,67547.5,14330,67485.0,90,67548.0,42220,67484.5,6380
2024-06-01 00:00:50,67515.5,15630,67515.0,256870,67516.5,10,67514.0,3800,67519.0,6050,67513.5,6000,67519.5,6060,67509.0,24190,67521.0,16180,67508.5,12090,67521.5,5000,67508.0,81190,67525.0,9270,67507.5,5170,67528.0,9060,67505.0,720,67529.5,12100,67502.5,50000,67530.0,3800,67502.0,15000,67531.5,12100,67501.5,32500,67532.0,24190,67499.0,90,67533.0,1230,67498.5,49440,67533.5,4650,67496.5,45000,67534.0,6050,67495.0,6740,67534.5,1500,67494.5,200,67535.0,32500,67493.5,29690,67536.0,200,67492.0,2230,67537.0,6050,67489.5,11320,67538.0,2450,67489.0,10090,67539.5,45000,67488.5,38550,67540.0,2540,67487.5,3240,67543.5,6050,67485.0,90,67546.0,2190,67484.5,6380,67547.0,6050,67484.0,101440
2024-06-01 00:00:51,67515.5,21680,67515.0,132760,67516.5,10,67513.5,6000,67519.0,6050,67512.5,2460,67519.5,9280,67508.5,24200,67521.0,21180,67507.5,1500,67524.5,17160,67506.0,12100,67525.0,6050,67505.5,24190,67527.0,36290,67505.0,720,67528.0,9060,67504.5,81200,67530.0,3800,67504.0,3690,67533.5,10,67501.5,32500,67534.0,6050,67499.0,90,67534.5,13600,67498.5,49440,67535.0,32500,67496.5,45000,67535.5,2460,67494.5,200,67536.0,200,67494.0,15000,67537.0,6050,67492.0,2230,67539.5,45000,67491.0,10000,67540.0,2540,67489.5,11320,67542.0,3690,67489.0,10090,67543.5,6050,67488.5,38550,67546.0,12190,67486.5,3240,67546.5,81240,67485.0,90,67547.0,6430,67484.5,6380,67547.5,2230,67484.0,101440
2024-06-01 00:00:52,67514.0,19550,67513.5,55310,67514.5,1610,67511.5,5070,67515.0,85460,67508.5,2460,67515.5,28240,67507.5,1500,67516.5,10,67505.5,24200,67519.0,6050,67505.0,720,67519.5,6060,67503.0,12100,67520.0,17100,67502.0,24190,67520.5,12100,67501.5,32500,67521.0,1180,67501.0,3700,67522.5,32500,67499.0,90,67524.0,24200,67498.5,49440,67525.0,6050,67497.0,81200,67528.0,9060,67496.5,45000,67530.0,3800,67493.0,200,67531.0,2460,67492.5,20000,67533.5,12110,67489.5,6430,67534.0,6050,67489.0,10090,67534.5,1700,67488.5,38550,67535.0,32500,67487.0,10000,67537.0,6050,67485.0,90,67539.5,45000,67484.5,10040,67540.0,6240,67484.0,101440,67541.5,81240,67483.5,1900,67543.5,16050,67483.0,33740
2024-06-01 00:00:53,67514.0,19550,67513.5,193010,67515.0,85460,67513.0,3690,67515.5,13180,67512.0,6880,67516.5,10,67511.5,15900,67519.0,6050,67509.5,24190,67519.5,6060,67509.0,1210,67520.0,15000,67508.0,81200,67521.0,1180,67507.5,1500,67524.0,3220,67506.5,3690,67525.0,9830,67505.0,720,67528.0,41560,67501.5,32500,67529.5,12100,67498.5,99440,67532.0,1230,67497.0,100,67533.0,24200,67496.5,48240,67533.5,12110,67496.0,50000,67534.0,6050,67495.5,1530,67534.5,1700,67493.0,15200,67535.0,32500,67492.5,20000,67537.0,6050,67492.0,16740,67537.5,2460,67490.5,2230,67539.5,45000,67489.5,6430,67540.0,2540,67489.0,10000,67543.5,6050,67488.5,43470,67546.0,15880,67485.0,90,67547.0,6050,67484.5,5200
2024-06-01 00:00:54,67514.0,7850,67513.5,326650,67515.0,79410,67513.0,3690,67515.5,7120,67511.5,3800,67516.5,10,67510.0,12090,67519.0,6050,67509.5,3690,67519.5,6060,67509.0,1210,67525.0,6050,67507.5,1500,67527.0,3220,67506.5,20000,67528.0,9060,67505.0,720,67533.5,10,67501.5,32500,67534.0,6050,67498.5,99440,67534.5,12300,67497.0,100,67535.0,32500,67496.5,48240,67536.5,24200,67496.0,50000,67537.0,6050,67495.5,1530,67539.0,12100,67493.5,4920,67539.5,45000,67493.0,15200,67540.0,2540,67492.0,6740,67543.5,6050,67490.5,2230,67546.0,12190,67489.5,6430,67547.0,6050,67489.0,10000,67547.5,2230,67488.5,38550,67548.0,38550,67485.0,90,67548.5,6750,67484.5,5200,67549.0,5690,67484.0,101440
2024-06-01 00:00:55,67514.0,6500,67513.5,335390,67515.0,79410,67513.0,3690,67515.5,2120,67511.5,3800,67516.5,10,67509.5,3690,67519.0,6050,67509.0,1210,67519.5,6060,67507.5,31190,67520.5,5000,67506.5,20000,67524.5,1210,67503.0,12090,67525.0,6050,67502.5,50000,67526.5,15000,67501.5,32500,67527.5,3780,67498.5,64440,67528.0,12280,67497.0,100,67533.5,10,67496.5,45000,67534.0,6050,67496.0,50000,67534.5,200,67495.5,1530,67535.0,32500,67493.5,4920,67536.5,24200,67493.0,10200,67537.0,6050,67492.5,3240,67539.0,24200,67492.0,6740,67539.5,45000,67490.5,2230,67540.0,2540,67490.0,6740,67541.5,2450,67489.5,6430,67543.5,6050,67489.0,10000,67546.0,2190,67488.5,38550,67547.0,6050,67487.5,33740
2024-06-01 00:00:56,67514.0,6500,67513.5,260070,67515.0,79410,67513.0,3690,67515.5,2120,67512.5,12090,67516.5,10,67512.0,81200,67519.0,6050,67511.5,3800,67519.5,6060,67509.5,3690,67521.0,5000,67509.0,1210,67524.5,1210,67507.5,31190,67525.0,6050,67506.5,20000,67526.5,15000,67502.5,50000,67527.5,3780,67501.5,32500,67528.0,44780,67498.5,64440,67533.5,10,67497.0,100,67534.0,6050,67496.5,45000,67534.5,24400,67496.0,50000,67535.0,32500,67495.5,1530,67536.5,24200,67493.5,4920,67537.0,6050,67493.0,200,67539.5,45000,67492.5,3240,67540.0,4990,67492.0,6740,67543.5,6050,67490.5,2230,67546.0,2190,67489.5,6430,67547.0,6050,67489.0,10000,67547.5,14330,67488.5,38550,67548.0,41970,67487.5,33740
2024-06-01 00:00:57,67514.0,6500,67513.5,243350,67515.0,79410,67513.0,3690,67515.5,2120,67512.0,24190,67519.0,6050,67511.5,3800,67519.5,6060,67510.5,12090,67520.5,5000,67510.0,81200,67524.5,1210,67509.0,1210,67525.0,6050,67507.5,31190,67526.0,3220,67507.0,3680,67526.5,15000,67506.5,20000,67527.5,3780,67503.5,15000,67528.0,9060,67502.5,50000,67533.5,10,67501.5,32500,67534.0,6050,67498.5,49440,67534.5,48600,67497.0,100,67535.0,32500,67496.5,45000,67537.0,6050,67496.0,50000,67538.0,1520,67495.5,1530,67539.5,45000,67493.5,4920,67540.0,2540,67493.0,200,67543.5,6050,67492.5,3240,67546.0,2190,67492.0,6740,67547.0,6050,67490.5,2230,67547.5,14330,67490.0,10000,67548.0,41980,67489.5,6430
2024-06-01 00:00:58,67514.0,12550,67513.5,230270,67515.0,79410,67513.0,3690,67515.5,2120,67510.0,24200,67519.0,6050,67509.0,1210,67519.5,6060,67508.0,24190,67520.0,5000,67507.5,1500,67523.0,4850,67505.0,12090,67523.5,18220,67504.5,81200,67524.5,1210,67504.0,3680,67525.0,6050,67502.5,50000,67527.5,24200,67501.5,32500,67528.0,41560,67499.0,15000,67532.0,24200,67498.5,49440,67532.5,3780,67497.0,100,67533.5,10,67496.5,45000,67534.0,6050,67496.0,50000,67534.5,200,67495.5,1530,67535.0,32500,67493.0,200,67535.5,2450,67492.0,6740,67537.0,6050,67490.5,2230,67538.0,1520,67490.0,28730,67539.5,45000,67489.5,16430,67540.0,2540,67489.0,10000,67543.5,6050,67488.5,43460,67544.0,3680,67488.0,90
2024-06-01 00:00:59,67514.0,12550,67513.5,197620,67515.0,79410,67513.0,4960,67515.5,2120,67510.0,24200,67519.0,11050,67509.0,1210,67519.5,21060,67508.0,24190,67523.0,4850,67507.5,1500,67523.5,3220,67505.0,12090,67524.5,1210,67504.5,81200,67525.0,6050,67504.0,3680,67527.5,24200,67502.5,50000,67528.0,41560,67501.5,32500,67530.0,24200,67499.0,15000,67530.5,1220,67498.5,49440,67532.5,3780,67497.0,100,67533.5,10,67496.5,45000,67534.0,6050,67496.0,50000,67534.5,200,67495.5,1530,67535.0,32500,67493.0,200,67535.5,2450,67492.0,6740,67537.0,6050,67490.5,2230,67538.0,1520,67490.0,28730,67539.5,45000,67489.5,16430,67540.0,2540,67489.0,10000,67543.5,6050,67488.5,43460,67544.0,3680,67488.0,90
2024-06-01 00:01:00,67514.0,12550,67513.5,230120,67515.0,79410,67513.0,3690,67515.5,2120,67510.0,24200,67518.5,5000,67509.0,1210,67519.0,6050,67507.5,1500,67519.5,21060,67505.5,24190,67523.0,4850,67505.0,12090,67523.5,3220,67504.5,81200,67524.5,1210,67504.0,3680,67525.0,6050,67502.5,50000,67527.5,24200,67501.5,32500,67528.0,41560,67498.5,49440,67532.0,25420,67497.0,100,67532.5,3780,67496.5,45000,67533.5,10,67496.0,50000,67534.0,6050,67495.5,1530,67534.5,200,67493.0,200,67535.0,32500,67492.0,6740,67535.5,2450,67490.5,2230,67537.0,6050,67490.0,28730,67538.0,1520,67489.5,16430,67540.0,2540,67489.0,10000,67543.5,6050,67488.5,43460,67544.0,3680,67488.0,90,67546.0,2190,67487.5,33740
2024-06-01 00:01:01,67514.0,6500,67513.5,254320,67515.0,79410,67513.0,3690,67515.5,2120,67511.5,32000,67518.5,5000,67511.0,12100,67519.0,6050,67509.5,24190,67519.5,21060,67509.0,1210,67523.0,4850,67508.0,81200,67523.5,3220,67507.5,1500,67524.5,1210,67504.0,3680,67525.0,6050,67502.5,50000,67528.0,9060,67501.5,32500,67531.0,12100,67498.5,49440,67531.5,12100,67498.0,100,67532.0,24200,67497.5,15000,67532.5,3780,67496.5,45000,67533.5,10,67496.0,50000,67534.0,6050,67495.5,1530,67534.5,200,67493.0,200,67535.0,32500,67492.0,6740,67535.5,2450,67490.5,2230,67537.0,6050,67490.0,28730,67538.0,1520,67489.5,16430,67540.0,2540,67489.0,10000,67543.5,6050,67488.5,43460,67544.0,3680,67488.0,90
2024-06-01 00:01:02,67514.0,6500,67513.5,289320,67515.0,79410,67513.0,3690,67515.5,2120,67511.0,12090,67519.0,5000,67510.5,24190,67519.5,6060,67510.0,32000,67523.0,4850,67509.0,1210,67524.5,1210,67508.0,81200,67525.0,9270,67507.5,1500,67528.0,9060,67506.5,3680,67533.0,13320,67502.5,50000,67533.5,36310,67501.5,32500,67534.0,6050,67498.5,49440,67534.5,200,67498.0,100,67535.0,32500,67497.5,15000,67536.5,3780,67496.5,45000,67537.0,6050,67496.0,50000,67537.5,2450,67495.5,1530,67538.0,1520,67493.0,200,67540.0,2540,67492.0,6740,67543.5,6050,67490.5,2230,67546.0,2190,67490.0,28730,67547.0,9730,67489.5,16430,67547.5,14330,67489.0,10000,67548.0,41980,67488.5,43460,67548.5,10000,67488.0,90
2024-06-01 00:01:03,67528.0,3010,67527.5,150430,67532.0,1180,67527.0,36690,67533.5,9520,67524.5,12100,67534.0,6050,67524.0,53990,67536.0,3220,67520.0,12090,67537.0,6050,67519.5,24190,67539.5,12100,67519.0,94160,67540.0,2540,67518.0,2960,67542.5,48390,67514.0,53120,67543.5,9830,67513.5,116680,67547.0,6050,67512.0,100,67548.0,38560,67511.5,32000,67548.5,200,67510.0,20000,67550.0,27870,67509.0,1210,67552.0,15000,67507.5,1500,67553.0,10000,67507.0,200,67555.0,32500,67504.0,15000,67555.5,3680,67503.5,6750,67556.0,47000,67501.5,42500,67559.5,6250,67500.5,3240,67561.5,81250,67500.0,2230,67562.0,32500,67498.5,90,67564.5,10,67498.0,4910,67569.5,32500,67496.5,45000,67570.0,7050,67496.0,50000
2024-06-01 00:01:04,67528.0,3010,67527.5,195700,67533.5,10,67527.0,36690,67540.0,2540,67526.0,12100,67542.0,5000,67525.5,2450,67542.5,12100,67524.0,39440,67543.5,9830,67520.5,24190,67545.0,24190,67520.0,12090,67546.0,5730,67519.0,94160,67546.5,12100,67518.0,2960,67547.0,6050,67516.0,3680,67548.0,38560,67514.0,49440,67548.5,200,67513.5,82500,67550.0,27870,67510.5,90,67550.5,2450,67510.0,35000,67552.0,15000,67509.0,1210,67553.0,10000,67507.5,1500,67554.0,3420,67507.0,200,67554.5,12100,67504.0,10000,67555.0,32500,67503.5,23500,67556.0,47000,67502.0,90,67558.0,3680,67501.5,52510,67559.5,6250,67500.5,3240,67560.5,2190,67500.0,2230,67561.5,10,67498.5,90,67562.0,32500,67498.0,4910
2024-06-01 00:01:05,67528.0,4960,67527.5,207500,67533.5,10,67527.0,39140,67534.5,1210,67524.5,24190,67537.0,3220,67524.0,39440,67540.0,2540,67520.0,12090,67542.5,5000,67519.5,81200,67543.0,12100,67519.0,12960,67543.5,9830,67518.5,3680,67545.0,24190,67518.0,2960,67546.0,4510,67516.5,50000,67546.5,12100,67514.0,49440,67547.0,6050,67513.5,32500,67547.5,12100,67513.0,15000,67548.0,40060,67510.5,90,67548.5,200,67510.0,20000,67550.0,27870,67509.0,1210,67550.5,2450,67507.5,1500,67552.0,15000,67507.0,200,67553.0,10000,67503.5,23500,67554.0,3420,67502.5,4910,67555.0,32500,67502.0,90,67555.5,2000,67501.5,52510,67556.0,45000,67500.5,3240,67558.0,3680,67500.0,2230,67559.5,6250,67498.0,90
2024-06-01 00:01:06,67528.0,4970,67527.5,217510,67533.5,10,67527.0,36170,67534.5,1210,67524.5,24190,67537.0,3220,67524.0,39440,67540.0,2540,67520.0,12090,67542.5,5000,67519.5,81200,67543.0,12100,67519.0,5920,67543.5,9830,67518.5,3680,67545.0,24190,67518.0,2960,67545.5,1220,67516.5,50000,67546.0,4510,67514.0,49440,67546.5,12100,67513.5,32500,67547.0,6050,67513.0,15000,67547.5,12100,67510.5,90,67548.0,40060,67510.0,20000,67548.5,200,67509.0,1210,67550.0,27870,67507.5,1500,67550.5,2450,67507.0,200,67552.0,15000,67503.5,23500,67553.0,10000,67503.0,1270,67555.0,32500,67502.5,4910,67556.0,47000,67502.0,90,67558.0,3680,67501.5,52510,67559.5,6250,67500.5,3240,67560.5,2190,67500.0,2230
2024-06-01 00:01:07,67528.0,4970,67527.5,220470,67533.5,10,67527.0,36170,67534.5,1210,67524.5,24190,67537.0,3220,67524.0,36480,67540.0,2540,67520.0,12090,67542.5,5000,67519.5,81200,67543.0,12100,67519.0,5920,67543.5,9830,67518.5,3680,67545.0,24190,67518.0,2960,67545.5,13320,67516.5,65000,67546.0,4510,67514.0,49440,67547.0,6050,67513.5,32500,67547.5,12100,67510.5,90,67548.0,40060,67510.0,20000,67548.5,200,67509.0,1210,67550.0,27870,67507.5,1500,67550.5,2450,67507.0,200,67552.0,15000,67503.5,23500,67553.0,10000,67503.0,1270,67555.0,32500,67502.5,4910,67555.5,2000,67502.0,90,67556.0,45000,67501.5,52510,67558.0,3680,67500.5,3240,67559.5,6250,67500.0,2230,67560.5,2190,67498.0,90
2024-06-01 00:01:08,67528.0,4970,67527.5,216230,67533.5,10,67527.0,3670,67534.5,1210,67525.0,12100,67537.0,3220,67524.5,36290,67540.0,2540,67524.0,36480,67542.5,5000,67519.5,81200,67543.0,12100,67518.5,3680,67543.5,9830,67516.5,65000,67545.0,25410,67514.0,49440,67545.5,12100,67513.5,32500,67546.0,4510,67510.5,90,67547.0,6050,67510.0,45000,67547.5,12100,67509.0,1210,67548.0,40060,67507.5,1500,67548.5,200,67507.0,200,67550.0,27870,67503.5,23500,67550.5,2450,67503.0,1270,67552.0,15000,67502.5,4910,67553.0,10000,67502.0,90,67555.0,32500,67501.5,52510,67555.5,2000,67500.5,3240,67556.0,45000,67500.0,2230,67558.0,3680,67498.0,90,67559.5,6250,67497.5,1900,67560.5,2190,67496.0,83750
2024-06-01 00:01:09,67528.0,4970,67527.5,164750,67531.5,18510,67527.0,1220,67533.5,10,67525.0,14560,67534.5,1210,67524.5,12100,67537.0,3220,67524.0,36480,67540.0,2540,67523.5,1200,67541.0,24200,67521.0,12090,67541.5,12100,67520.5,24190,67543.0,24190,67519.5,81200,67543.5,9830,67516.5,50000,67546.0,4510,67516.0,3690,67547.0,8510,67514.0,49440,67548.0,40060,67513.5,32500,67548.5,200,67510.5,90,67550.0,27870,67510.0,45000,67552.0,15000,67507.5,1500,67553.0,10000,67507.0,200,67555.0,32500,67503.5,23500,67555.5,5690,67503.0,1270,67556.0,45000,67502.5,4910,67559.5,6250,67502.0,90,67560.5,2190,67501.5,52500,67561.0,3420,67500.5,3240,67561.5,81250,67500.0,2230,67562.0,32500,67498.0,90
2024-06-01 00:01:10,67528.0,4970,67527.5,158820,67530.5,5000,67527.0,1220,67531.0,13510,67525.0,2460,67533.5,10,67524.5,12100,67534.5,4430,67524.0,43360,67539.5,12100,67523.5,1200,67540.0,2540,67518.5,12100,67541.0,12100,67518.0,24190,67541.5,24190,67517.5,12090,67543.5,9830,67517.0,81200,67544.5,1230,67516.5,50000,67546.0,4510,67516.0,3690,67547.0,6050,67514.5,15000,67547.5,12100,67514.0,49440,67548.0,40050,67513.5,32500,67548.5,200,67510.5,90,67549.0,2470,67510.0,45000,67550.0,27870,67507.5,1500,67552.0,15000,67507.0,200,67553.0,10000,67503.5,23500,67555.0,32500,67503.0,1270,67555.5,5690,67502.5,4910,67556.0,45000,67502.0,90,67559.0,81240,67501.5,52500,67559.5,6250,67500.5,3240
2024-06-01 00:01:11,67528.0,18480,67527.5,76750,67528.5,5000,67526.0,1230,67529.0,3220,67524.0,32700,67532.5,15000,67523.5,1200,67533.5,10,67520.5,2460,67534.0,4760,67520.0,12100,67534.5,1210,67518.5,12100,67538.0,12100,67514.5,36280,67538.5,12100,67514.0,130640,67539.0,24190,67513.5,32500,67540.0,2540,67513.0,3690,67541.5,1230,67510.5,90,67542.5,3420,67510.0,45000,67543.5,9830,67507.5,1500,67545.0,2460,67507.0,15200,67546.5,12100,67503.5,10000,67547.0,6050,67503.0,1270,67548.0,40050,67502.0,90,67548.5,200,67501.5,62500,67549.0,10,67500.0,2230,67550.0,27870,67499.5,3240,67552.0,15000,67498.0,90,67553.0,13690,67497.5,6820,67555.0,32500,67496.0,83750,67555.5,83240,67491.0,6740
2024-06-01 00:01:12,67528.0,38480,67527.5,69260,67529.0,3220,67526.0,1230,67533.5,10,67524.0,32700,67534.0,4760,67523.5,1200,67534.5,13310,67521.0,12100,67535.0,32500,67520.5,2460,67539.0,12100,67519.5,12100,67539.5,24190,67517.5,24190,67540.0,2540,67516.0,12100,67540.5,1230,67514.0,130640,67543.5,9830,67513.5,32500,67545.0,2460,67513.0,3690,67547.0,6050,67510.5,90,67547.5,12100,67510.0,45000,67548.0,40050,67507.5,1500,67548.5,200,67507.0,200,67549.0,10,67503.5,10000,67550.0,27870,67503.0,1270,67552.0,15000,67502.0,90,67553.0,17110,67501.5,62500,67555.0,32500,67500.0,2230,67555.5,83240,67499.5,3240,67556.0,45000,67498.0,90,67559.5,6250,67497.5,6820,67560.5,2190,67496.0,83750
2024-06-01 00:01:13,67528.0,23480,67527.5,140080,67532.5,15000,67526.0,6880,67533.5,10,67524.5,12100,67534.5,1210,67524.0,47270,67540.0,2540,67523.5,1200,67542.0,12100,67518.0,24190,67542.5,1230,67517.5,81200,67543.0,24200,67516.0,3690,67543.5,9830,67514.0,49440,67546.0,12100,67513.5,82500,67546.5,12100,67510.5,90,67547.0,8520,67510.0,46470,67548.0,40050,67509.5,3240,67548.5,200,67507.5,16500,67549.0,10,67507.0,200,67550.0,27870,67503.5,10000,67552.0,15000,67503.0,1270,67553.0,10000,67502.0,90,67555.0,32500,67501.5,57430,67555.5,2000,67500.0,8980,67556.0,45000,67498.0,90,67557.0,3690,67497.5,1900,67559.5,6250,67496.0,83750,67560.5,2190,67491.0,6740,67561.0,2230,67490.5,14000
2024-06-01 00:01:14,67528.0,18480,67527.5,167980,67528.5,5000,67525.0,12100,67532.5,15000,67524.0,35170,67534.5,4430,67523.5,1200,67537.5,10,67519.0,24190,67540.0,2540,67518.5,12090,67542.0,12100,67517.5,81200,67542.5,1230,67516.0,3690,67543.5,9830,67514.0,49440,67546.5,36290,67513.5,82500,67547.0,8520,67511.0,15000,67547.5,12100,67510.5,90,67548.0,40050,67510.0,46470,67548.5,200,67509.5,3240,67549.0,10,67507.5,1500,67550.0,27870,67507.0,200,67552.0,15000,67503.5,10000,67553.0,10000,67503.0,1270,67555.0,32500,67502.0,90,67555.5,2000,67501.5,57430,67557.0,3690,67500.0,8980,67559.0,3420,67498.0,90,67559.5,6250,67497.5,1900,67560.5,2190,67496.0,83750,67561.0,2230,67491.0,6740
2024-06-01 00:01:15,67528.0,18480,67527.5,132360,67528.5,5000,67525.0,12100,67532.5,15000,67524.0,59360,67534.5,4430,67523.5,1200,67537.5,10,67519.5,12090,67540.0,2540,67517.5,81200,67543.0,12100,67516.0,3690,67543.5,9830,67514.0,49440,67544.0,25420,67513.5,82500,67544.5,12100,67511.5,90,67547.0,6050,67511.0,15000,67547.5,12100,67510.0,46470,67548.0,40050,67509.5,3240,67548.5,200,67507.5,1500,67549.0,10,67507.0,200,67550.0,27870,67503.5,10000,67552.0,15000,67503.0,1270,67553.0,10000,67502.0,90,67555.0,32500,67501.5,57430,67555.5,2000,67500.0,8980,67557.0,3690,67498.0,90,67559.0,3420,67497.5,1900,67559.5,6250,67496.0,83750,67560.5,2190,67491.0,6740,67561.0,2230,67490.5,14000
2024-06-01 00:01:16,67528.0,23480,67527.5,123230,67532.5,15000,67526.5,12100,67534.5,4430,67526.0,16580,67537.5,10,67525.5,2480,67540.0,2540,67524.0,56890,67542.0,12100,67523.5,1200,67543.0,12100,67517.0,12090,67543.5,9830,67516.5,81200,67544.0,1230,67516.0,3690,67545.5,24190,67514.0,49440,67547.0,6050,67513.5,82500,67547.5,12100,67511.5,90,67548.0,40050,67511.0,15000,67548.5,200,67510.0,46470,67549.0,2490,67509.5,3240,67550.0,27870,67507.5,1500,67552.0,15000,67507.0,200,67553.0,10000,67503.5,10000,67555.0,32500,67503.0,1270,67555.5,2000,67502.0,90,67557.0,3690,67501.5,57430,67559.0,3420,67500.0,8980,67559.5,6250,67498.0,90,67560.5,2190,67497.5,1900,67561.0,2230,67496.0,83750
2024-06-01 00:01:17,67528.0,155240,67527.5,9870,67528.5,1610,67524.0,200,67531.5,36300,67523.0,6000,67534.5,1210,67521.0,4460,67535.0,32500,67520.5,32500,67535.5,1240,67518.5,3780,67536.0,3780,67516.0,2480,67537.5,10,67514.5,4630,67540.0,5020,67514.0,49440,67543.5,6050,67513.5,32500,67544.0,3420,67512.5,12100,67547.0,6050,67510.5,100,67547.5,12100,67510.0,45000,67548.0,43780,67509.5,3730,67548.5,200,67508.0,105390,67549.0,10,67507.5,1500,67549.5,81240,67507.0,200,67550.0,27870,67504.0,12100,67551.0,10000,67503.5,10000,67552.0,15000,67503.0,1270,67555.0,34500,67502.0,90,67559.5,6250,67501.5,32500,67560.5,2190,67500.0,2230,67561.0,2230,67498.0,90,67561.5,45010,67497.5,1900
2024-06-01 00:01:18,67528.0,148080,67527.5,12130,67528.5,1610,67524.0,200,67531.5,12100,67523.5,3220,67532.5,12100,67523.0,6000,67534.0,24200,67520.5,32500,67534.5,1210,67518.5,3780,67535.0,32500,67517.0,6880,67535.5,1210,67515.5,2440,67536.0,3780,67514.5,16730,67537.5,10,67514.0,49440,67540.0,5020,67513.5,32500,67543.5,16050,67512.0,100,67544.0,3420,67511.5,12100,67547.0,87290,67511.0,12100,67547.5,12100,67510.0,45000,67548.0,43780,67508.5,3650,67548.5,200,67508.0,24960,67549.0,10,67507.5,1500,67550.0,27870,67507.0,200,67552.0,15000,67504.5,81200,67555.0,34500,67503.5,10000,67556.5,13630,67502.0,90,67559.5,6250,67501.5,32500,67560.5,2190,67500.0,2230,67561.0,2230,67498.5,90
2024-06-01 00:01:19,67528.0,192680,67527.5,12130,67528.5,1610,67524.0,200,67530.0,12100,67523.5,3220,67533.0,24200,67523.0,6000,67534.5,1210,67522.0,6880,67535.0,32500,67520.5,32500,67536.0,3780,67518.5,3780,67537.5,10,67515.5,2440,67540.0,5020,67514.5,16730,67543.5,16050,67514.0,49440,67544.0,3420,67513.5,32500,67547.0,87290,67511.5,100,67547.5,12100,67511.0,12100,67548.0,43780,67510.5,12100,67548.5,200,67510.0,45000,67549.0,10,67508.5,3650,67550.0,27870,67508.0,24960,67552.0,15000,67507.5,1500,67555.0,34500,67507.0,200,67556.5,13630,67504.5,81200,67559.5,6250,67503.5,11480,67560.5,2190,67502.0,90,67561.0,2230,67501.5,32500,67561.5,45010,67500.0,2230,67562.0,32500,67498.5,90
2024-06-01 00:01:20,67528.0,192680,67527.5,10250,67528.5,1610,67525.0,3220,67532.0,24200,67524.0,200,67533.5,12100,67523.0,6000,67534.5,1210,67518.5,3780,67535.0,32500,67517.5,1220,67536.0,3780,67517.0,6880,67537.5,10,67515.5,2440,67538.5,2390,67514.5,16730,67540.0,2540,67514.0,49440,67543.5,16050,67513.5,32500,67544.0,3420,67511.0,100,67547.0,87290,67510.5,24200,67547.5,12100,67510.0,45000,67548.0,42280,67508.5,3650,67548.5,200,67508.0,24960,67549.0,10,67507.5,1500,67550.0,27870,67507.0,200,67552.0,15000,67504.5,81200,67555.0,34500,67503.5,11480,67556.5,6750,67502.0,90,67557.0,6880,67501.5,32500,67559.5,6250,67500.0,2230,67560.5,2190,67498.5,90,67561.0,2230,67498.0,50000
2024-06-01 00:01:21,67528.0,192680,67527.5,7190,67528.5,1610,67525.0,3220,67533.5,37490,67524.0,200,67534.5,1210,67523.0,6000,67535.0,32500,67520.0,1190,67536.0,3780,67518.5,3780,67537.5,10,67517.5,1220,67538.5,2390,67515.5,2440,67540.0,2540,67514.5,16730,67543.5,16050,67514.0,49440,67544.0,3420,67513.5,32500,67547.0,87290,67511.0,100,67547.5,12100,67510.5,12100,67548.0,42280,67509.0,12100,67548.5,200,67508.5,3650,67549.0,10,67508.0,24960,67550.0,27870,67507.5,1500,67552.0,15000,67507.0,200,67554.0,2000,67504.5,81200,67555.0,32500,67503.5,11480,67556.5,13630,67502.0,90,67559.5,6250,67501.5,32500,67560.5,2190,67498.5,90,67561.0,2230,67498.0,50000,67561.5,45010,67497.5,1900
2024-06-01 00:01:22,67528.0,180580,67527.5,7190,67528.5,1610,67525.0,3220,67530.0,3780,67524.0,200,67533.0,12100,67523.0,6000,67533.5,12100,67521.0,1190,67534.0,24200,67520.5,32500,67534.5,1210,67518.5,3780,67535.0,32500,67517.5,1220,67537.5,10,67516.0,12100,67538.5,2390,67515.5,9320,67540.0,2540,67515.0,12100,67543.5,16050,67514.5,4630,67544.0,3420,67514.0,61540,67547.0,6050,67513.5,32500,67547.5,12100,67510.0,100,67548.0,42280,67509.0,24190,67548.5,200,67508.5,3650,67549.0,10,67508.0,81970,67549.5,81240,67507.5,1500,67550.0,27870,67507.0,200,67552.0,15000,67503.5,11480,67554.0,2000,67502.0,90,67555.0,32500,67501.5,32500,67556.5,6750,67498.5,90,67557.5,6880,67498.0,50000
2024-06-01 00:01:23,67528.0,180580,67527.5,12130,67528.5,1610,67525.0,3220,67530.0,3780,67524.0,200,67533.0,12100,67523.0,6000,67533.5,12100,67521.0,1190,67534.0,25390,67518.5,3780,67534.5,1210,67518.0,6880,67535.0,32500,67517.5,1220,67537.5,10,67516.5,12100,67538.5,2390,67515.5,2440,67540.0,2540,67515.0,12100,67543.5,16050,67514.5,16730,67544.0,3420,67514.0,49440,67547.0,6050,67513.5,32500,67547.5,12100,67509.5,100,67548.0,42280,67509.0,24190,67548.5,200,67508.5,3650,67549.0,10,67508.0,81970,67549.5,81240,67507.5,1500,67550.0,27870,67507.0,200,67552.0,15000,67503.5,11480,67554.0,2000,67502.0,90,67555.0,32500,67501.5,52510,67556.5,6750,67498.5,90,67557.0,6880,67498.0,50000
2024-06-01 00:01:24,67528.0,214780,67527.5,12130,67528.5,1610,67524.0,3420,67530.0,3780,67523.0,6000,67534.0,24200,67518.5,3780,67534.5,1210,67517.5,1220,67535.0,32500,67514.5,16730,67536.5,1530,67514.0,49440,67537.0,2390,67513.5,32500,67537.5,10,67510.0,100,67540.0,2540,67509.5,24200,67541.0,10000,67509.0,24190,67543.5,6050,67508.0,770,67544.0,3420,67507.5,1500,67545.5,3580,67507.0,200,67547.0,87290,67505.0,3580,67547.5,12100,67504.0,81200,67548.0,38550,67503.5,11480,67548.5,200,67502.0,90,67549.0,10,67501.5,32500,67550.0,27870,67500.0,10000,67552.0,15000,67498.0,50090,67554.0,2000,67497.5,1900,67555.0,32500,67497.0,45000,67556.5,6750,67495.5,20010,67559.5,6250,67494.5,33750
2024-06-01 00:01:25,67528.0,214780,67527.5,10250,67528.5,1610,67524.0,200,67530.0,3780,67518.5,9780,67532.0,1180,67517.5,1220,67534.0,24200,67514.5,4630,67534.5,1210,67514.0,51830,67535.0,32500,67513.5,32500,67536.5,1530,67510.0,100,67537.0,2390,67509.5,12100,67537.5,10,67509.0,24190,67539.0,10000,67508.5,12100,67540.0,2540,67508.0,770,67543.5,6050,67507.5,1500,67544.0,3420,67507.0,200,67545.5,3580,67505.0,3580,67547.0,87290,67504.5,12100,67547.5,12100,67504.0,81200,67548.0,38550,67503.5,11480,67548.5,200,67502.0,90,67549.0,10,67501.5,32500,67550.0,27870,67498.5,90,67552.0,15000,67497.5,1900,67553.5,2230,67497.0,45000,67555.0,32500,67494.5,33750,67555.5,6880,67493.5,3240
2024-06-01 00:01:26,67528.0,214780,67527.5,10250,67528.5,1610,67524.0,200,67530.0,3780,67522.0,3220,67532.5,24200,67518.5,9780,67533.0,1170,67517.5,1220,67534.5,1210,67517.0,6880,67535.0,32500,67514.5,16730,67536.5,1530,67514.0,51830,67537.0,2390,67513.5,32500,67537.5,10,67510.0,100,67540.0,2540,67509.5,24200,67541.0,10000,67509.0,24190,67543.5,6050,67508.0,770,67544.0,3420,67507.5,1500,67545.5,3580,67507.0,200,67547.0,87290,67505.0,3580,67547.5,12100,67504.0,81200,67548.0,38550,67503.5,11480,67548.5,200,67502.0,90,67549.0,10,67501.5,32500,67550.0,27870,67498.0,90,67552.0,15000,67497.5,1900,67553.5,2230,67497.0,45000,67554.0,6880,67496.0,50000,67555.0,32500,67494.5,33750
2024-06-01 00:01:27,67523.5,199480,67523.0,200,67524.5,41770,67514.5,3220,67526.0,1140,67514.0,55440,67528.0,43520,67512.5,3760,67530.0,3780,67510.0,32500,67534.5,1210,67509.0,4450,67535.0,32500,67508.0,870,67536.5,1530,67507.5,8380,67537.5,10,67507.0,2290,67539.0,10000,67503.0,24200,67539.5,3430,67502.5,12300,67540.0,2540,67502.0,24190,67542.5,12100,67501.5,32500,67543.0,81240,67500.5,20000,67543.5,6050,67499.0,3430,67544.0,3620,67498.0,81280,67545.5,2190,67497.0,45000,67546.0,2230,67493.5,10000,67547.0,6050,67491.5,90,67548.0,45300,67491.0,1270,67549.0,10,67489.5,6050,67550.0,27870,67488.5,88550,67551.5,45000,67488.0,20010,67552.0,15000,67486.5,6740,67554.0,6880,67484.5,33740
2024-06-01 00:01:28,67520.0,172270,67519.5,580,67522.5,3760,67515.5,3220,67523.0,24200,67514.0,55440,67523.5,43090,67512.5,3760,67524.5,7190,67511.0,6880,67527.5,24200,67510.0,1140,67528.0,41570,67509.0,36950,67530.5,2290,67508.0,770,67531.5,10000,67507.5,1500,67534.5,1210,67505.5,12100,67535.0,32500,67505.0,2290,67536.5,1530,67504.5,100,67537.5,10,67503.5,12100,67539.5,84670,67502.5,36290,67540.0,2740,67501.5,32500,67540.5,12100,67500.5,20000,67543.5,6050,67499.5,200,67544.0,3420,67498.5,100,67545.5,2190,67497.5,81200,67546.0,2230,67497.0,45000,67547.0,6050,67496.0,3430,67548.0,45300,67493.5,10000,67548.5,6880,67491.5,100,67549.0,10,67491.0,1270,67550.0,27870,67489.5,6050
2024-06-01 00:01:29,67520.0,182270,67519.5,580,67521.5,12100,67515.5,3220,67522.0,12100,67514.0,55440,67522.5,3760,67512.5,3760,67523.5,68440,67511.0,1190,67524.5,6050,67509.0,38100,67528.0,41570,67508.0,770,67529.0,2300,67507.5,1500,67531.5,10000,67505.0,2290,67534.5,1210,67504.5,100,67535.0,32500,67504.0,12100,67536.5,1530,67503.5,12100,67537.0,3450,67502.5,12100,67537.5,10,67501.5,32500,67539.0,12100,67501.0,24190,67539.5,81240,67500.5,20000,67540.0,2740,67499.5,200,67543.5,6050,67497.5,82680,67544.0,3420,67497.0,45000,67545.5,9070,67496.0,3430,67546.0,2230,67494.0,100,67547.0,6050,67493.5,10000,67548.0,45300,67491.5,100,67549.0,10,67489.5,6050,67550.0,27870,67489.0,1270
2024-06-01 00:01:30,67520.0,206470,67519.5,580,67522.5,3760,67515.5,3220,67523.5,44240,67514.0,55440,67524.0,24200,67512.5,3760,67524.5,6050,67511.0,1190,67528.0,41570,67510.5,6880,67529.0,2300,67509.0,5600,67531.5,10000,67508.0,770,67534.5,1210,67507.5,1500,67535.0,32500,67505.0,2290,67536.5,1530,67503.5,100,67537.0,3450,67503.0,12100,67537.5,10,67502.5,36290,67539.0,12100,67502.0,12100,67539.5,81240,67501.5,32500,67540.0,2740,67500.5,20000,67543.5,6050,67499.5,200,67544.0,3420,67497.5,82680,67545.5,9070,67497.0,45000,67546.0,2230,67496.0,3430,67547.0,6050,67494.0,100,67548.0,45300,67493.5,10000,67549.0,10,67490.0,90,67550.0,27870,67489.5,6050,67551.5,45000,67489.0,1270
2024-06-01 00:01:31,67520.0,194370,67519.5,580,67522.0,12100,67515.5,3220,67522.5,3760,67514.0,55440,67523.5,44240,67512.5,3760,67524.0,24200,67511.0,1190,67524.5,6050,67510.5,6880,67528.0,41570,67509.5,1150,67529.0,2300,67509.0,4450,67531.5,10000,67508.0,770,67534.5,1210,67507.5,1500,67535.0,32500,67505.0,2290,67536.5,1530,67503.0,12200,67537.0,3450,67502.5,24200,67537.5,10,67502.0,24190,67539.0,12100,67501.5,32500,67539.5,81240,67500.5,20000,67540.0,2740,67499.5,200,67543.5,6050,67497.5,82680,67544.0,3420,67497.0,45000,67545.5,9070,67496.0,3430,67546.0,2230,67494.0,100,67547.0,6050,67493.5,10000,67548.0,45300,67490.0,90,67549.0,10,67489.5,6050,67550.0,27870,67489.0,1270
2024-06-01 00:01:32,67520.0,251820,67519.5,200,67522.5,3760,67514.0,49440,67523.5,43090,67512.5,3220,67524.5,8370,67508.5,6000,67528.0,41570,67508.0,770,67529.5,10000,67507.5,1500,67533.5,3490,67507.0,3760,67534.0,12100,67504.5,1160,67534.5,1210,67503.0,100,67535.0,32500,67502.5,4870,67537.0,81240,67502.0,6880,67537.5,2240,67501.5,32500,67539.5,6750,67500.5,20000,67540.0,2740,67500.0,12100,67543.5,6050,67499.5,2520,67545.5,2190,67498.0,24190,67547.0,6050,67497.5,24200,67548.0,38550,67497.0,45000,67549.0,10,67494.5,100,67550.0,32510,67494.0,81190,67551.5,45000,67493.5,10000,67552.0,15000,67490.0,90,67555.0,32500,67489.5,6050,67559.5,6250,67489.0,4750,67560.0,33780,67488.5,38550
2024-06-01 00:01:33,67514.5,212390,67514.0,5130,67515.0,31900,67512.0,380,67516.0,31900,67508.5,6000,67516.5,31900,67508.0,770,67517.0,39710,67507.5,1500,67519.5,24200,67507.0,3760,67520.0,38550,67502.5,4870,67522.5,3760,67501.5,32500,67523.0,2320,67499.5,49440,67523.5,6050,67498.5,100,67524.0,3420,67498.0,12100,67524.5,6050,67497.5,2330,67528.0,41570,67497.0,45000,67529.5,10000,67495.0,12100,67531.0,3490,67494.0,24390,67534.0,12100,67493.5,10000,67534.5,81440,67492.0,81190,67535.0,32500,67490.5,12090,67537.5,2240,67490.0,100,67539.5,6750,67489.5,6050,67540.0,2540,67489.0,3480,67541.5,6880,67488.5,38550,67543.5,6050,67486.5,20000,67545.5,2190,67485.0,90,67547.0,6050,67484.5,33740
2024-06-01 00:01:34,67514.5,200290,67514.0,5130,67515.0,12100,67512.0,380,67516.5,31900,67510.0,3220,67517.0,38550,67508.0,770,67519.0,31900,67507.5,1500,67519.5,24200,67507.0,3760,67520.0,38550,67505.0,6880,67521.5,2330,67504.0,6000,67522.5,3760,67502.5,4870,67523.5,7560,67502.0,12100,67524.0,3420,67501.5,32500,67524.5,6050,67499.5,49440,67528.0,41570,67498.5,100,67529.5,10000,67498.0,24200,67531.0,3490,67497.5,2330,67534.5,81440,67497.0,45000,67535.0,32500,67494.5,24190,67537.5,2240,67494.0,200,67539.5,6750,67493.5,10000,67540.0,2540,67490.0,81290,67541.0,6880,67489.5,6050,67543.5,6050,67489.0,3480,67545.5,2190,67488.5,38550,67547.0,6050,67486.5,20000,67547.5,12110,67485.0,90
2024-06-01 00:01:35,67514.5,220290,67514.0,5130,67515.0,31900,67512.5,380,67515.5,44000,67508.0,3510,67516.0,4920,67507.5,1500,67516.5,31900,67505.0,1190,67517.0,38550,67504.0,6000,67519.5,24200,67502.5,3760,67520.0,39730,67501.5,1170,67520.5,2330,67500.5,12100,67523.0,3190,67500.0,32500,67523.5,7560,67499.5,49540,67524.5,6050,67499.0,4870,67528.0,41570,67498.0,12100,67529.5,10000,67497.5,12100,67530.5,3500,67497.0,47330,67534.5,84860,67494.0,24390,67535.0,32500,67493.5,10000,67537.5,2240,67490.0,81290,67538.0,6880,67489.5,6050,67539.5,6750,67488.5,38550,67540.0,2540,67488.0,3500,67543.5,10720,67486.5,20000,67545.5,2190,67485.0,100,67547.0,6050,67484.5,33740,67547.5,12110,67484.0,101440
2024-06-01 00:01:36,67514.5,156290,67514.0,5510,67515.5,3760,67512.0,3220,67516.5,33070,67508.0,290,67517.0,38550,67507.5,1500,67519.0,24200,67505.0,1190,67520.0,39730,67504.5,12100,67522.5,26540,67504.0,6000,67523.0,3190,67502.5,15860,67523.5,7560,67502.0,13270,67524.5,6050,67501.5,6880,67528.0,41570,67500.5,24190,67529.5,10000,67500.0,32500,67530.5,3500,67499.5,49540,67534.5,15720,67499.0,4870,67535.0,32500,67497.0,47330,67537.0,81240,67494.5,81190,67537.5,2240,67494.0,29780,67539.5,6750,67493.5,10000,67540.0,2540,67491.5,1500,67541.0,6880,67490.0,10100,67543.5,10720,67489.5,6050,67545.5,2190,67488.5,38550,67547.0,6050,67488.0,3500,67548.0,38550,67486.5,20000,67549.0,10,67485.0,100
2024-06-01 00:01:37,67514.5,188190,67514.0,5510,67515.0,44000,67508.0,290,67515.5,36830,67507.5,1500,67516.0,12100,67505.0,1190,67516.5,31900,67504.0,6000,67517.0,38550,67503.5,6880,67519.5,24200,67502.5,3760,67520.0,39730,67501.5,1170,67521.0,2340,67501.0,24200,67523.0,3190,67500.0,32500,67523.5,7560,67499.5,49540,67524.5,6050,67499.0,4870,67528.0,41570,67498.0,12100,67529.5,10000,67497.5,24190,67530.5,3500,67497.0,47330,67534.5,96960,67494.0,29780,67535.0,32500,67493.5,10000,67537.5,2240,67492.0,81190,67539.5,6750,67491.5,1500,67540.0,2540,67490.0,100,67543.5,10720,67489.5,6050,67545.5,2190,67488.5,38550,67547.0,6050,67488.0,3500,67548.0,38550,67486.5,20000,67549.0,10,67485.0,100
2024-06-01 00:01:38,67514.5,257760,67514.0,9420,67515.0,31900,67511.0,380,67515.5,3760,67508.0,290,67516.5,31900,67507.5,4720,67517.0,38550,67504.0,6000,67518.0,2370,67502.5,3760,67520.0,39730,67500.0,32500,67520.5,3420,67499.5,49540,67523.0,3190,67499.0,4870,67523.5,7560,67498.0,1180,67524.5,6050,67494.0,12300,67525.5,3550,67493.5,12100,67527.0,10000,67493.0,2370,67528.0,41570,67490.0,36390,67534.0,12100,67489.5,7510,67534.5,81440,67488.5,38550,67535.0,32500,67486.0,81290,67537.5,2240,67485.5,123600,67539.5,6750,67485.0,3550,67540.0,9420,67484.0,101440,67543.5,10720,67482.5,380,67544.5,108530,67481.5,32500,67545.5,2190,67481.0,45000,67547.0,6050,67477.5,6050,67548.0,38550,67477.0,6050
2024-06-01 00:01:39,67514.5,256580,67514.0,9800,67515.0,33080,67508.0,290,67515.5,3760,67507.5,4720,67516.5,31900,67504.0,6000,67517.0,38550,67502.5,3760,67519.0,2370,67501.5,6880,67520.0,39730,67500.0,32500,67523.0,3190,67499.5,49540,67523.5,7560,67499.0,4870,67524.5,6050,67498.5,1180,67526.5,3560,67495.0,12100,67527.0,10000,67494.0,200,67528.0,41570,67493.5,2370,67531.0,81240,67492.0,12100,67531.5,2190,67491.5,36290,67533.5,3420,67491.0,29250,67534.5,200,67490.0,100,67535.0,32500,67489.5,7510,67537.5,9120,67489.0,81190,67540.0,2540,67488.5,38550,67541.0,6750,67487.5,3550,67543.0,12100,67486.0,100,67543.5,10720,67485.5,10000,67544.5,108530,67484.0,101440,67547.0,6050,67482.5,380
2024-06-01 00:01:40,67514.5,256580,67514.0,4870,67515.0,33080,67508.0,290,67515.5,3760,67507.5,1500,67516.5,31900,67504.5,3220,67517.0,38550,67502.5,3760,67518.0,2380,67501.5,6880,67520.0,39730,67500.0,32500,67523.0,3190,67499.5,50730,67523.5,7560,67499.0,10870,67524.5,6050,67494.5,2380,67526.5,3560,67494.0,200,67527.0,10000,67493.5,12100,67527.5,12100,67492.5,36290,67528.0,41570,67492.0,12100,67531.0,81240,67491.5,114070,67531.5,2190,67491.0,29250,67533.0,45000,67490.0,100,67533.5,3420,67489.5,6050,67534.5,200,67488.5,38550,67535.0,32500,67486.0,81290,67536.0,6880,67485.5,10000,67537.5,2240,67484.5,3570,67540.0,2540,67484.0,101440,67541.0,6750,67483.0,380,67543.5,10720,67481.5,32500
2024-06-01 00:01:41,67514.5,240340,67514.0,4870,67515.0,1180,67508.0,290,67516.5,31900,67507.5,1500,67517.0,38550,67504.5,3220,67517.5,31900,67502.5,3760,67518.0,2380,67500.5,12100,67520.0,39730,67500.0,32500,67523.0,3190,67499.5,49540,67523.5,7560,67499.0,17750,67524.5,6050,67498.5,1190,67526.5,3560,67495.5,12100,67527.0,10000,67495.0,12100,67527.5,12100,67494.5,2380,67528.0,41570,67494.0,200,67531.0,81240,67492.0,24190,67531.5,2190,67491.5,114070,67533.0,45000,67491.0,29250,67533.5,3420,67490.0,100,67534.5,200,67489.5,6050,67535.0,32500,67489.0,81190,67537.5,2240,67488.5,38550,67540.0,2540,67486.0,100,67541.0,6750,67485.5,10000,67543.5,10720,67484.5,3570,67544.5,108530,67484.0,101440
2024-06-01 00:01:42,67508.5,171310,67508.0,5800,67509.0,5000,67507.5,1500,67512.0,12100,67504.5,3220,67512.5,31900,67502.5,3760,67513.0,12100,67501.0,32500,67514.0,37950,67499.5,50630,67514.5,11710,67499.0,10870,67516.0,24200,67495.5,100,67516.5,31900,67495.0,24200,67517.0,6050,67494.5,2380,67517.5,31900,67492.5,12100,67518.0,2380,67492.0,24190,67520.0,39730,67491.5,114070,67523.0,3190,67491.0,29250,67523.5,7560,67489.5,6050,67524.5,6050,67489.0,82680,67526.5,3560,67488.5,38550,67527.0,10000,67488.0,200,67528.0,41570,67486.5,100,67528.5,200,67485.5,10000,67530.5,12100,67484.5,3570,67531.0,81240,67484.0,101440,67531.5,2190,67483.0,380,67533.0,45000,67482.5,20000,67533.5,3420,67482.0,90
2024-06-01 00:01:43,67508.5,111910,67508.0,10420,67512.0,3760,67507.5,1790,67512.5,30500,67504.5,3220,67513.0,12100,67503.0,6000,67513.5,12100,67502.5,4960,67514.0,37950,67501.5,18980,67514.5,7950,67501.0,32500,67516.0,24200,67499.5,49440,67516.5,31900,67499.0,4870,67517.0,6050,67496.0,2400,67517.5,31900,67495.0,48390,67520.0,42130,67493.0,100,67523.0,3190,67491.5,114070,67523.5,7560,67491.0,29250,67524.5,6050,67489.5,6050,67527.0,10000,67489.0,82680,67528.0,41570,67488.5,38550,67528.5,200,67488.0,200,67529.5,3610,67487.5,10000,67530.5,12100,67487.0,3610,67531.5,2190,67485.5,10000,67532.5,81240,67484.5,100,67533.0,45000,67484.0,101440,67533.5,3420,67483.0,380,67535.0,32500,67482.5,20000
2024-06-01 00:01:44,67508.5,34550,67508.0,54720,67509.0,5000,67507.5,1790,67511.5,3220,67507.0,6000,67513.5,3760,67506.5,3220,67514.0,6050,67505.5,12100,67514.5,7950,67505.0,1200,67516.5,31900,67503.5,12100,67517.0,6050,67503.0,12100,67519.0,12100,67502.5,4960,67519.5,25390,67501.0,32500,67520.0,39730,67500.5,24190,67522.0,12100,67500.0,2410,67523.5,7560,67499.5,49440,67524.5,8460,67499.0,4870,67527.0,10000,67492.5,81290,67528.0,41570,67492.0,3620,67528.5,200,67491.5,114070,67531.5,2190,67491.0,29250,67532.0,12100,67489.5,6050,67532.5,3190,67489.0,1490,67533.0,48620,67488.5,38550,67535.0,32500,67488.0,10200,67537.5,5660,67485.5,10000,67539.5,81240,67484.5,100,67540.0,2540,67484.0,101440
2024-06-01 00:01:45,67508.5,34550,67508.0,108170,67512.0,5000,67507.5,1790,67514.0,6050,67507.0,18100,67514.5,7950,67506.5,10100,67515.0,3220,67506.0,12100,67516.0,3760,67505.5,1200,67517.0,6050,67503.5,12100,67520.0,8430,67503.0,24190,67522.0,12100,67502.5,4960,67523.0,12100,67502.0,2410,67523.5,31750,67501.0,32500,67524.5,8460,67499.5,49440,67528.0,41570,67497.5,81190,67528.5,200,67497.0,113910,67531.5,2190,67494.5,50000,67532.5,15290,67492.5,100,67533.0,48620,67492.0,3620,67535.0,32500,67491.0,29250,67537.5,5660,67490.5,10000,67539.0,10000,67489.5,6050,67540.0,2540,67489.0,1490,67543.0,81240,67488.5,38550,67543.5,12930,67488.0,200,67547.0,6050,67485.5,10000,67548.0,38550,67484.5,100
2024-06-01 00:01:46,67508.5,13500,67508.0,103280,67513.0,18220,67507.5,1790,67513.5,5000,67507.0,18100,67514.0,6050,67506.5,3220,67514.5,7950,67505.5,12100,67516.0,3760,67505.0,1210,67517.0,6050,67503.5,12100,67519.5,13310,67503.0,24190,67520.0,7230,67502.5,4960,67522.0,24190,67501.0,32500,67523.0,12100,67500.0,2420,67523.5,7560,67499.5,49440,67524.5,8460,67497.5,81190,67528.0,41570,67497.0,113910,67528.5,200,67492.5,100,67531.5,2190,67492.0,3620,67532.5,15290,67491.0,29250,67533.0,48620,67490.5,10000,67535.0,32500,67489.5,6050,67537.5,5660,67489.0,1490,67539.0,10000,67488.5,38550,67539.5,81240,67488.0,200,67540.0,2540,67487.0,15000,67543.5,12930,67485.5,10000,67547.0,6050,67484.5,100
2024-06-01 00:01:47,67508.5,13500,67508.0,118060,67513.0,23220,67507.5,13890,67514.0,6050,67507.0,6000,67514.5,7950,67506.5,3220,67516.0,3760,67506.0,12100,67517.0,6050,67505.5,1210,67519.5,1210,67505.0,12100,67520.0,7230,67503.0,24190,67522.5,12100,67502.5,4960,67523.0,12100,67502.0,2420,67523.5,7560,67501.0,32500,67524.0,24190,67500.0,81190,67524.5,8460,67499.5,49440,67528.0,41570,67497.0,113910,67528.5,200,67493.5,50000,67532.5,15290,67492.5,100,67533.0,48620,67492.0,3620,67535.0,32500,67491.0,15000,67537.5,3430,67490.5,10000,67539.0,10000,67489.5,6050,67540.0,2540,67489.0,1490,67542.0,2190,67488.5,38550,67543.0,81240,67488.0,200,67543.5,12930,67485.5,10000,67547.0,6050,67484.5,100
2024-06-01 00:01:48,67508.5,13500,67508.0,96400,67512.5,31900,67507.5,13600,67513.0,23220,67507.0,6000,67514.0,6050,67506.5,3220,67514.5,7950,67504.0,12100,67516.0,3760,67503.5,12100,67517.0,6050,67503.0,24190,67519.0,1210,67502.5,4960,67520.0,7230,67501.0,32500,67522.0,12100,67500.0,2420,67522.5,24190,67499.5,49440,67523.0,12100,67497.5,81190,67523.5,7560,67497.0,113910,67524.5,8460,67492.5,100,67528.0,41570,67492.0,3620,67528.5,200,67491.0,15000,67532.5,15290,67490.5,10000,67533.0,3620,67489.5,6050,67535.0,32500,67489.0,1490,67537.5,3430,67488.5,38550,67539.0,55000,67488.0,200,67540.0,2540,67485.5,10000,67541.5,81240,67484.5,100,67542.0,2190,67484.0,101440,67543.5,12930,67483.5,3240
2024-06-01 00:01:49,67508.5,13500,67508.0,100560,67512.5,22000,67507.5,1500,67513.0,23220,67507.0,18100,67514.0,6050,67506.5,3220,67514.5,7950,67503.5,24200,67516.0,3760,67503.0,24190,67517.0,6050,67502.5,4960,67519.5,4680,67502.0,2430,67520.0,8440,67501.0,32500,67522.5,36290,67499.5,49440,67523.0,12100,67497.5,81190,67523.5,7560,67497.0,113910,67524.5,8460,67492.5,100,67528.0,41570,67492.0,3620,67528.5,200,67491.0,15000,67532.5,3190,67490.5,10000,67533.0,3620,67489.5,6050,67534.5,12100,67489.0,1490,67535.0,32500,67488.5,38550,67537.5,3430,67488.0,200,67539.0,55000,67485.5,10000,67540.0,2540,67484.5,100,67541.5,81240,67484.0,101440,67542.0,2190,67483.5,3240,67543.5,12930,67483.0,380
2024-06-01 00:01:50,67508.5,13500,67508.0,214240,67514.0,5000,67507.5,2710,67514.5,1900,67507.0,8430,67517.0,6050,67506.5,3220,67520.0,6050,67504.5,12090,67520.5,3220,67503.5,81190,67523.5,6050,67502.5,4960,67524.0,3760,67501.0,32500,67524.5,6050,67499.5,53090,67526.5,12100,67497.0,113910,67527.0,4680,67494.5,15000,67528.0,41570,67494.0,50000,67528.5,200,67490.0,90,67530.5,36290,67489.5,6050,67531.0,2430,67489.0,11490,67532.5,3190,67488.5,38550,67535.0,32500,67488.0,200,67537.5,10,67486.5,6740,67538.5,12100,67485.5,10000,67539.0,48650,67484.5,100,67540.0,2540,67484.0,101440,67542.0,2190,67483.5,3240,67543.5,6050,67483.0,380,67545.0,2230,67482.5,4870,67546.5,81240,67481.5,32500
2024-06-01 00:01:51,67508.5,13940,67508.0,229440,67514.5,1900,67507.5,2710,67516.0,15000,67507.0,89620,67517.0,11050,67506.5,3220,67520.0,6050,67502.5,4960,67520.5,3220,67502.0,113050,67523.5,6050,67501.0,32500,67524.5,9810,67499.5,53090,67527.0,4680,67494.5,15000,67527.5,12100,67494.0,50000,67528.0,42790,67490.0,90,67528.5,200,67489.5,6430,67531.5,12100,67489.0,1490,67532.0,24200,67488.5,40450,67532.5,3190,67488.0,200,67533.0,2440,67486.5,6740,67535.0,32500,67485.5,10000,67537.5,10,67484.5,1370,67539.0,48650,67484.0,101440,67540.0,2540,67483.5,3240,67542.0,2190,67483.0,2230,67543.5,6050,67482.5,4870,67545.0,2230,67481.5,32500,67546.5,12100,67481.0,78740,67547.0,6050,67480.5,90
2024-06-01 00:01:52,67508.5,13940,67508.0,217150,67514.5,1900,67507.5,14800,67516.0,15000,67507.0,89620,67517.0,6050,67506.5,3220,67517.5,5000,67502.5,4960,67520.0,6050,67502.0,113050,67520.5,3220,67501.0,32500,67523.5,6050,67499.5,53090,67524.5,9810,67497.5,15000,67526.0,1220,67494.0,50000,67527.0,4680,67490.0,90,67527.5,12100,67489.5,6430,67528.0,43040,67489.0,1490,67528.5,200,67488.5,40450,67530.0,12100,67488.0,200,67530.5,24190,67486.5,6740,67531.5,2440,67485.5,10000,67532.5,3190,67484.5,1370,67535.0,32500,67484.0,101440,67537.5,10,67483.5,3240,67539.0,48650,67483.0,2230,67540.0,2540,67482.5,4870,67542.0,2190,67481.5,32500,67543.5,6050,67481.0,78740,67545.0,2230,67480.5,90
2024-06-01 00:01:53,67508.5,13940,67508.0,298340,67514.5,1900,67507.5,14800,67516.0,15000,67507.0,8430,67517.5,5000,67506.5,3220,67520.0,6050,67502.5,8630,67523.5,6050,67502.0,113050,67524.5,9810,67501.0,32500,67527.0,4680,67499.5,49440,67528.0,43040,67497.5,15000,67528.5,200,67494.0,50000,67530.0,12100,67491.0,2230,67532.0,36300,67490.0,90,67535.0,32500,67489.5,6430,67537.5,10,67489.0,1490,67539.0,45000,67488.5,40450,67540.0,2540,67488.0,200,67542.0,2190,67487.5,10000,67542.5,3670,67486.5,6740,67543.5,6050,67485.5,10000,67546.5,12100,67484.5,1370,67547.0,6050,67484.0,101440,67548.0,38550,67483.5,3240,67548.5,10000,67482.5,4870,67549.0,10,67481.5,32500,67549.5,81240,67481.0,78740
2024-06-01 00:01:54,67508.5,13940,67508.0,121380,67514.5,1900,67507.5,2710,67515.5,3220,67507.0,20530,67516.0,15000,67506.5,3220,67517.5,5000,67504.5,24200,67520.0,6050,67504.0,24190,67521.0,3190,67502.5,4960,67522.5,12100,67502.0,113050,67523.0,24200,67501.0,32500,67523.5,30240,67500.0,81190,67524.5,9810,67499.5,49440,67526.5,3420,67499.0,3670,67527.0,4680,67494.0,50000,67528.0,43040,67491.5,90,67528.5,200,67491.0,2230,67529.5,2440,67490.0,380,67535.0,32500,67489.5,6050,67537.5,10,67489.0,1490,67538.0,3670,67488.5,40450,67539.0,45000,67488.0,200,67540.0,2540,67485.5,10000,67542.0,2190,67485.0,90,67543.0,81240,67484.5,1270,67543.5,16050,67484.0,104680,67547.0,6050,67482.5,4870
2024-06-01 00:01:55,67508.5,13960,67508.0,121510,67513.0,3220,67507.5,2710,67513.5,5000,67507.0,6000,67514.5,3080,67505.0,12100,67516.0,15000,67503.5,12100,67519.5,12100,67503.0,2440,67520.0,6050,67502.5,4960,67520.5,12100,67502.0,12100,67521.0,3190,67501.5,24190,67522.5,12100,67501.0,32500,67523.0,24190,67499.5,49440,67523.5,6050,67499.0,108900,67524.5,9810,67496.5,81190,67526.5,5860,67496.0,3670,67527.0,4680,67494.0,50000,67528.0,43040,67492.0,100,67528.5,200,67491.0,2230,67535.0,32500,67490.0,380,67535.5,3670,67489.5,6050,67537.5,10,67489.0,1490,67539.0,45000,67488.5,40450,67540.0,2540,67488.0,200,67541.5,81240,67485.5,10000,67542.0,2190,67484.5,90,67543.5,16050,67484.0,101440
2024-06-01 00:01:56,67508.5,13960,67508.0,136510,67513.0,18220,67507.5,2710,67513.5,5000,67507.0,6000,67514.5,3080,67503.5,24200,67519.0,16790,67503.0,2440,67519.5,12100,67502.5,4960,67520.0,6050,67502.0,12100,67521.0,4410,67501.5,24190,67523.0,24190,67501.0,32500,67523.5,6050,67499.5,49440,67524.5,9810,67499.0,108900,67526.5,5860,67496.5,81190,67528.0,43040,67496.0,3670,67528.5,200,67494.0,50000,67534.5,12100,67491.5,100,67535.0,32500,67491.0,2230,67535.5,3670,67490.0,45380,67537.5,10,67489.5,6050,67539.0,45000,67489.0,16490,67539.5,81240,67488.5,40450,67540.0,2540,67488.0,200,67542.0,2190,67485.5,10000,67543.5,16050,67485.0,90,67547.0,6050,67484.5,1270,67547.5,6880,67484.0,101440
2024-06-01 00:01:57,67508.5,35010,67508.0,136650,67513.0,3220,67507.5,2720,67514.0,5000,67507.0,6000,67514.5,3080,67503.0,2440,67518.0,12100,67502.5,17060,67518.5,24200,67502.0,12100,67519.0,4690,67501.5,12100,67520.0,6050,67501.0,32500,67520.5,24200,67500.0,24190,67521.0,4420,67499.5,49440,67523.5,6050,67499.0,108900,67524.5,9810,67494.5,81190,67525.0,2440,67494.0,50000,67526.5,3420,67493.5,100,67528.0,43040,67493.0,3670,67528.5,200,67491.0,2230,67533.0,3670,67490.5,380,67535.0,32500,67490.0,45000,67537.5,10,67489.5,6050,67539.0,45000,67489.0,1490,67539.5,81240,67488.5,40450,67540.0,2540,67488.0,200,67542.0,2190,67485.5,10000,67543.5,16050,67485.0,90,67546.0,6880,67484.5,1270
2024-06-01 00:01:58,67508.5,28960,67508.0,150950,67513.0,3220,67507.5,1500,67513.5,5000,67507.0,6000,67514.5,3080,67505.0,12100,67519.0,4690,67504.5,26660,67519.5,12100,67502.5,4960,67520.0,6050,67501.5,24190,67523.0,36290,67501.0,32500,67523.5,6050,67499.5,130630,67524.5,9810,67499.0,108900,67527.0,2460,67495.0,3690,67528.0,43040,67493.5,100,67528.5,200,67493.0,50000,67533.5,3190,67490.5,380,67534.5,12100,67490.0,45000,67535.0,32500,67489.5,6050,67535.5,3690,67489.0,1490,67537.5,10,67488.5,43690,67539.0,45000,67488.0,200,67539.5,81240,67486.0,15000,67540.0,2540,67485.5,10000,67541.0,2230,67485.0,90,67542.0,2190,67484.5,1270,67543.5,16050,67484.0,111440,67547.0,6050,67482.0,20010
2024-06-01 00:01:59,67508.5,35010,67508.0,45280,67509.5,3220,67507.5,1500,67512.5,36900,67507.0,9750,67514.5,3080,67506.5,1230,67515.5,32500,67502.5,1200,67517.5,12100,67502.0,12100,67518.0,12100,67501.5,12100,67519.0,4690,67501.0,32500,67519.5,24200,67500.5,2460,67520.0,7280,67500.0,12100,67523.5,8510,67499.5,49440,67524.5,9810,67499.0,108900,67528.0,43040,67493.5,100,67528.5,200,67493.0,24190,67533.0,3690,67492.5,81190,67533.5,3190,67492.0,3690,67534.5,12100,67490.0,45380,67535.0,32500,67489.5,6050,67537.5,10,67489.0,1490,67539.0,55000,67488.5,43690,67539.5,81240,67488.0,200,67540.0,2540,67485.5,10000,67541.0,2230,67485.0,90,67541.5,3420,67484.5,1270,67542.0,2190,67484.0,101440
2024-06-01 00:02:00,67508.5,35010,67508.0,307510,67512.0,5000,67507.5,1500,67513.0,31900,67507.0,6000,67513.5,3220,67506.0,3750,67514.5,3080,67503.5,12100,67519.0,4690,67503.0,12100,67520.0,18150,67502.5,3660,67523.0,12100,67501.0,32500,67523.5,6050,67500.5,24190,67524.0,24200,67499.5,49440,67524.5,12270,67499.0,108900,67528.0,43040,67495.0,81190,67528.5,200,67494.5,3690,67533.0,3690,67490.5,480,67533.5,3190,67490.0,45000,67534.5,12100,67489.5,6050,67535.0,32500,67489.0,1490,67537.5,10,67488.5,43690,67539.0,45000,67488.0,200,67540.0,2540,67486.5,134970,67540.5,81240,67485.5,10000,67541.0,2230,67485.0,90,67541.5,3420,67484.5,1270,67542.0,2190,67484.0,101440,67543.5,6050,67481.5,32500
2024-06-01 00:02:01,67508.5,184950,67508.0,58980,67510.5,36360,67507.5,1500,67511.0,3750,67503.0,3220,67513.5,24200,67502.0,6000,67514.5,3080,67501.0,32500,67515.5,32500,67498.5,3750,67519.5,26650,67497.0,12100,67520.0,6050,67494.5,12100,67523.5,6050,67494.0,2450,67524.5,6050,67493.0,24190,67525.5,3680,67492.5,12200,67527.0,10000,67491.0,380,67527.5,3420,67490.0,112880,67528.0,49790,67489.5,87240,67528.5,200,67488.5,38550,67532.0,380,67488.0,200,67532.5,12100,67487.0,340,67534.5,81240,67486.5,134970,67535.0,32500,67486.0,3680,67535.5,6880,67485.5,10000,67537.5,10,67484.5,100,67539.0,45000,67484.0,45000,67540.0,2540,67481.5,32500,67540.5,4910,67481.0,33740,67541.0,2230,67479.5,90
2024-06-01 00:02:02,67508.5,40010,67508.0,85900,67513.0,27500,67507.5,4720,67513.5,3220,67506.5,12100,67514.5,3080,67506.0,6000,67517.0,3750,67503.5,12100,67518.5,1210,67502.5,12100,67519.5,12100,67501.5,24190,67520.0,6050,67501.0,32500,67522.5,24200,67498.5,3750,67523.0,24200,67498.0,6610,67523.5,6050,67491.5,3740,67524.0,2430,67491.0,380,67524.5,9240,67490.5,81190,67528.0,41570,67490.0,112880,67528.5,200,67489.5,6050,67531.5,3640,67488.5,38550,67534.0,16750,67488.0,200,67535.0,32500,67487.0,340,67537.5,10,67485.5,10000,67538.5,81240,67484.5,100,67539.0,45000,67484.0,46480,67540.0,2540,67483.5,15000,67541.0,2230,67481.5,32500,67542.0,2190,67481.0,33740,67543.5,6050,67480.5,10000
2024-06-01 00:02:03,67508.5,13960,67508.0,102670,67509.0,5000,67507.5,4720,67513.0,15000,67506.5,12100,67514.5,6300,67506.0,7180,67520.0,7230,67505.5,10630,67523.0,12100,67503.0,24190,67523.5,6050,67502.5,12100,67524.5,6050,67502.0,2360,67525.0,2360,67501.5,81190,67527.5,36290,67501.0,32500,67528.0,41570,67499.0,110650,67528.5,200,67498.0,6610,67534.0,3190,67497.5,1170,67534.5,12100,67492.0,90,67535.0,36040,67491.5,3640,67536.5,6750,67491.0,380,67537.5,10,67490.0,3240,67539.0,45000,67489.5,6050,67540.0,2540,67488.5,53550,67541.0,12230,67488.0,200,67541.5,81240,67487.0,340,67542.0,2190,67485.5,10000,67543.5,6050,67484.5,100,67544.0,6880,67484.0,46480,67547.0,6050,67481.5,32500
2024-06-01 00:02:04,67508.5,13960,67508.0,151140,67509.5,5000,67507.5,4720,67514.5,6300,67506.0,30190,67515.5,15000,67505.5,3750,67520.0,6050,67502.5,12100,67522.0,1180,67502.0,2360,67523.5,6050,67501.5,81190,67524.0,12100,67501.0,32500,67524.5,6050,67499.0,110650,67525.0,2360,67498.0,6610,67526.0,24190,67497.5,1170,67526.5,13590,67494.0,3540,67528.0,41570,67493.0,15000,67528.5,200,67491.0,90,67534.0,3190,67490.0,3240,67534.5,12100,67489.5,6050,67535.0,36040,67488.5,38550,67536.5,6750,67488.0,200,67537.5,10,67487.0,720,67539.0,55000,67485.5,10000,67540.0,2540,67484.5,100,67541.0,2230,67484.0,46480,67542.0,5610,67481.5,32500,67543.0,81240,67481.0,33740,67543.5,6050,67480.0,90
2024-06-01 00:02:05,67508.5,13970,67508.0,213650,67510.5,5000,67507.5,5900,67514.5,3080,67507.0,31900,67515.5,15000,67506.5,24190,67516.5,3220,67506.0,6000,67519.0,3750,67505.5,3750,67520.0,6050,67504.0,2360,67523.5,6050,67502.5,12100,67524.5,6050,67501.5,81190,67526.5,12100,67501.0,32500,67527.0,26550,67499.0,110650,67527.5,12100,67498.0,6610,67528.0,41560,67497.5,1170,67528.5,200,67495.5,50000,67534.0,3190,67494.0,3540,67534.5,12100,67493.5,90,67535.0,36040,67493.0,15000,67537.5,10,67490.0,3240,67539.0,45000,67489.5,6050,67540.0,2540,67488.5,38550,67541.0,2230,67488.0,2100,67542.0,5610,67487.5,6740,67543.5,6050,67487.0,720,67546.0,10000,67485.5,10000,67546.5,81240,67484.5,1370
2024-06-01 00:02:06,67514.5,1900,67514.0,79930,67519.0,15000,67513.5,110200,67520.0,11050,67511.0,67360,67523.5,6050,67508.5,33870,67524.5,6050,67508.0,236500,67528.0,9060,67507.5,4290,67530.5,1510,67507.0,2340,67533.0,12100,67506.0,12100,67534.5,24200,67505.5,3750,67535.0,32500,67503.5,6590,67537.5,10,67501.0,32500,67538.0,12100,67499.0,38510,67539.0,45000,67497.5,1170,67540.0,2540,67497.0,30170,67542.0,2190,67495.5,50000,67543.5,16050,67493.5,90,67546.5,12100,67490.0,3240,67547.0,6050,67489.5,6050,67548.0,38550,67489.0,2230,67548.5,2000,67488.5,48550,67549.0,10,67488.0,1900,67549.5,81240,67487.5,6740,67550.0,27870,67487.0,380,67550.5,300,67485.5,10000,67551.5,2230,67485.0,90
2024-06-01 00:02:07,67514.5,1900,67514.0,251670,67523.5,6050,67513.5,33630,67524.0,8220,67512.5,24190,67524.5,6050,67512.0,3750,67527.0,3750,67509.5,2260,67528.0,9060,67509.0,81190,67533.0,48390,67508.5,31900,67534.0,16470,67508.0,64600,67534.5,2460,67507.5,1500,67535.0,32500,67505.0,113710,67537.5,10,67503.5,6590,67539.0,45000,67502.5,39970,67540.0,2540,67501.5,3390,67541.0,3190,67501.0,32500,67543.5,6050,67500.5,90,67544.0,3390,67500.0,49440,67547.0,9470,67499.5,45940,67548.0,38550,67499.0,35000,67548.5,12000,67497.5,1170,67549.0,10,67497.0,30170,67550.0,27870,67496.5,52230,67551.5,81240,67495.5,50000,67552.0,15000,67494.0,10200,67555.0,32500,67490.5,90,67555.5,300,67490.0,5250
2024-06-01 00:02:08,67514.5,1900,67514.0,241460,67522.0,3220,67513.5,33630,67522.5,5000,67513.0,31900,67523.0,15000,67512.5,24190,67523.5,6050,67512.0,3750,67524.5,6050,67510.0,31900,67527.0,3750,67509.5,46250,67528.0,9060,67509.0,81190,67529.5,1130,67508.5,31900,67532.0,12100,67508.0,64600,67532.5,1520,67507.5,1500,67533.5,12100,67505.0,113710,67534.0,16470,67503.5,6590,67534.5,26660,67501.5,3390,67535.0,32500,67501.0,32500,67537.5,10,67500.5,90,67539.0,45000,67500.0,49440,67540.0,2540,67499.5,45940,67541.0,3190,67499.0,35000,67543.5,6050,67497.5,1170,67544.0,3390,67497.0,30170,67547.0,9470,67496.5,52230,67548.0,38550,67495.5,50000,67548.5,12000,67494.0,10200,67549.0,10,67490.5,90
2024-06-01 00:02:09,67514.5,1900,67514.0,265650,67522.5,5000,67513.5,33630,67523.0,18220,67512.0,3750,67523.5,6050,67511.0,14350,67524.5,6050,67510.5,81190,67527.0,3750,67510.0,31900,67528.0,9060,67509.5,31900,67531.0,1130,67508.5,31900,67532.5,1520,67508.0,64600,67533.5,12100,67507.5,1500,67534.0,4370,67505.0,113710,67534.5,14560,67503.5,6590,67535.0,32500,67501.5,3390,67537.5,10,67501.0,32500,67538.0,12100,67500.5,90,67538.5,24200,67500.0,49440,67539.0,45000,67499.5,45940,67540.0,2540,67499.0,35000,67541.0,3190,67497.5,1170,67543.5,6050,67497.0,30170,67544.0,3390,67496.5,52230,67547.0,9470,67495.5,50000,67548.0,38550,67494.0,10200,67548.5,12000,67490.5,90,67549.0,10,67490.0,5250
2024-06-01 00:02:10,67514.5,1900,67514.0,241460,67519.0,6190,67513.5,33630,67519.5,15000,67512.0,3750,67523.0,3220,67511.5,24190,67523.5,6050,67511.0,2260,67524.5,6050,67509.5,12090,67527.0,3750,67509.0,81190,67528.0,9060,67508.5,31900,67532.0,24200,67508.0,64600,67532.5,1520,67507.5,1500,67534.0,40660,67505.5,1220,67534.5,2460,67505.0,113710,67535.0,32500,67503.5,6590,67537.5,10,67501.5,3390,67539.0,45000,67501.0,32500,67540.0,2540,67500.5,90,67541.0,3190,67500.0,49440,67543.5,6050,67499.5,45940,67544.0,3390,67499.0,35000,67547.0,9470,67497.0,30170,67548.0,38550,67496.5,52230,67548.5,12000,67495.5,50000,67549.0,10,67494.0,200,67550.0,27870,67490.5,90,67551.5,81240,67490.0,5250
2024-06-01 00:02:11,67514.5,1900,67514.0,241460,67519.0,6190,67513.5,33630,67519.5,15000,67512.0,3750,67523.0,3220,67511.5,24190,67523.5,6050,67511.0,2260,67524.5,6050,67509.5,12090,67527.0,3750,67509.0,81190,67528.0,9060,67508.5,31900,67529.0,1130,67508.0,64600,67531.5,12100,67507.5,1500,67532.0,12100,67505.5,1220,67532.5,1520,67505.0,113710,67533.5,12100,67503.5,6590,67534.0,28560,67501.5,3390,67534.5,2460,67501.0,32500,67535.0,32500,67500.5,90,67537.5,10,67500.0,49440,67539.0,45000,67499.5,45940,67540.0,2540,67499.0,20000,67541.0,3190,67497.0,30170,67543.5,6050,67496.5,52230,67544.0,3390,67495.5,50000,67547.0,9470,67494.0,200,67548.0,38550,67490.5,90,67548.5,12000,67490.0,5250
2024-06-01 00:02:12,67514.5,1900,67514.0,189240,67519.0,19690,67513.5,1130,67519.5,15000,67511.5,12100,67521.0,3220,67511.0,12100,67523.5,6050,67510.0,26450,67524.5,6050,67509.0,12100,67527.0,3750,67508.5,31900,67528.0,9060,67508.0,64600,67529.0,13230,67507.5,1500,67530.0,12100,67506.0,81190,67530.5,12100,67505.5,1220,67531.5,24190,67505.0,113710,67532.5,1520,67503.5,6590,67533.0,2260,67501.0,35900,67534.0,4370,67500.5,90,67534.5,200,67500.0,49440,67535.0,32500,67496.5,52230,67537.5,10,67495.5,50000,67539.0,45000,67494.0,15200,67540.0,2540,67491.5,90,67541.0,6580,67490.0,5250,67543.5,16050,67489.5,6050,67547.0,9470,67489.0,101440,67548.0,38550,67488.5,38550,67548.5,2000,67488.0,1900
2024-06-01 00:02:13,67514.5,16900,67514.0,156740,67517.5,13500,67513.5,1130,67518.0,5000,67511.5,12100,67518.5,3220,67509.5,12100,67519.0,1190,67509.0,36290,67523.5,6050,67508.5,31900,67524.5,6050,67508.0,64600,67527.0,3750,67507.5,3770,67527.5,24200,67505.5,82410,67528.0,10190,67505.0,113710,67532.0,24190,67503.5,6590,67532.5,1520,67501.0,32500,67534.0,4370,67500.5,90,67534.5,12300,67500.0,49440,67535.0,32500,67496.5,52230,67537.5,10,67495.5,50000,67539.0,45000,67494.0,200,67540.0,2540,67490.5,90,67541.0,6580,67490.0,5250,67543.5,16050,67489.5,6050,67546.5,81240,67489.0,101440,67547.0,9470,67488.5,38550,67548.0,38550,67488.0,1900,67548.5,2000,67487.5,6740,67549.0,10,67486.5,380
2024-06-01 00:02:14,67514.5,1900,67514.0,201210,67517.5,13500,67513.5,1130,67518.0,5000,67511.0,12100,67519.0,1190,67509.5,12100,67523.5,6050,67509.0,26470,67524.5,6050,67508.5,31900,67527.0,3750,67508.0,145790,67528.0,9060,67507.5,1500,67530.5,12100,67505.5,1220,67531.5,36290,67505.0,113710,67532.5,1520,67503.5,6590,67534.0,4370,67501.0,32500,67534.5,200,67500.5,90,67535.0,32500,67500.0,52850,67537.5,10,67496.5,52230,67538.5,12100,67495.5,50000,67539.0,45000,67494.0,200,67540.0,2540,67492.5,15000,67541.0,6580,67490.5,90,67543.5,16050,67490.0,15250,67547.0,9470,67489.5,6050,67547.5,81240,67489.0,101440,67548.0,38550,67488.5,38550,67548.5,2000,67488.0,1900,67549.0,10,67487.5,6740
2024-06-01 00:02:15,67514.5,1900,67514.0,201210,67517.5,13500,67513.5,1130,67518.5,5000,67510.5,36290,67519.0,16190,67509.0,14380,67522.5,3220,67508.5,31900,67523.5,6050,67508.0,64600,67524.5,6050,67507.5,1500,67527.0,3750,67506.0,81190,67527.5,12100,67505.5,1220,67528.0,9060,67505.0,113710,67531.0,12100,67503.5,6590,67531.5,36290,67502.5,3430,67532.5,1520,67501.0,32500,67534.0,6660,67500.5,90,67534.5,200,67500.0,49440,67535.0,32500,67496.5,52230,67537.5,10,67495.5,50000,67539.0,45000,67494.0,45200,67540.0,2540,67492.5,15000,67541.0,3190,67490.5,90,67542.0,3440,67490.0,5250,67543.5,16050,67489.5,6050,67547.0,9470,67489.0,101440,67548.0,38550,67488.5,38550,67549.0,10,67488.0,1900
2024-06-01 00:02:16,67514.5,1900,67514.0,213310,67517.5,13500,67513.5,1130,67518.5,5000,67509.5,24190,67519.0,16190,67509.0,14380,67520.5,3220,67508.5,31900,67523.5,6050,67508.0,64600,67524.5,6050,67507.5,1500,67527.0,3750,67506.0,81190,67528.0,9060,67505.5,1220,67528.5,1140,67505.0,113710,67530.0,12100,67503.5,6590,67530.5,12100,67502.5,3430,67531.0,12100,67501.0,32500,67531.5,24190,67500.5,90,67532.5,1520,67500.0,49440,67534.0,6660,67499.0,1480,67534.5,200,67497.0,15000,67535.0,32500,67496.5,52230,67537.5,10,67495.5,50000,67539.0,45000,67494.0,45200,67540.0,2540,67490.5,90,67541.0,3190,67490.0,5250,67542.0,3440,67489.5,6050,67543.5,16050,67489.0,101440,67547.0,9470,67488.5,38550
2024-06-01 00:02:17,67514.5,1900,67514.0,201210,67517.5,13500,67513.5,1130,67518.0,5000,67510.0,12100,67519.0,16190,67509.5,24190,67520.5,3220,67509.0,14380,67523.5,6050,67508.5,31900,67524.5,6050,67508.0,64600,67527.5,4900,67507.5,1500,67528.0,9060,67506.0,81190,67530.5,12100,67505.5,1220,67531.0,12100,67505.0,113710,67531.5,24190,67503.5,6590,67532.5,3830,67501.0,32500,67534.0,4370,67500.5,90,67534.5,200,67500.0,49440,67535.0,32500,67499.5,3470,67537.5,10,67499.0,1480,67538.5,12100,67497.0,15000,67539.0,45000,67496.5,52230,67540.0,2540,67495.5,50000,67541.0,3190,67494.0,45200,67542.0,3440,67490.5,90,67543.5,16050,67490.0,5250,67547.0,9470,67489.5,6050,67548.0,38550,67489.0,101440
2024-06-01 00:02:18,67514.5,4720,67514.0,95300,67516.0,13500,67511.5,1150,67517.0,5000,67509.0,24200,67518.5,3220,67508.5,31900,67519.0,16190,67508.0,64600,67522.5,12100,67507.5,1500,67523.0,4550,67507.0,12100,67523.5,6050,67506.5,2310,67524.0,12100,67505.5,24190,67524.5,6050,67505.0,113710,67526.0,24190,67503.5,6590,67526.5,13250,67501.5,81190,67527.5,3750,67501.0,32500,67528.0,9060,67500.5,90,67531.5,2310,67500.0,49440,67532.5,1520,67499.0,1480,67534.5,200,67498.5,3470,67535.0,32500,67495.5,50000,67537.5,3480,67494.0,45200,67539.0,45000,67490.0,90,67540.0,2540,67489.5,16050,67541.0,13190,67489.0,101440,67543.0,81240,67488.5,38550,67543.5,6050,67488.0,24130,67547.0,9470,67487.0,380
2024-06-01 00:02:19,67514.5,19720,67514.0,154720,67515.5,13500,67513.0,1220,67516.5,5000,67512.5,1150,67518.5,35020,67509.0,12100,67519.0,1190,67508.5,44000,67523.0,4550,67508.0,79040,67523.5,6050,67507.5,1500,67524.0,12100,67505.5,24190,67524.5,6050,67505.0,113710,67526.0,12100,67503.5,6590,67526.5,1150,67501.5,81190,67527.0,24190,67501.0,32500,67527.5,3750,67500.5,90,67528.0,9060,67500.0,49440,67531.5,2310,67499.0,31800,67532.5,1520,67498.5,3470,67534.5,12300,67495.5,50000,67535.0,32500,67494.0,60200,67537.5,10,67490.0,90,67539.0,45000,67489.5,16050,67540.0,2540,67489.0,101440,67540.5,3470,67488.5,38550,67541.0,13190,67488.0,27370,67543.0,81240,67487.0,380,67543.5,6050,67486.0,90
2024-06-01 00:02:20,67514.5,7720,67514.0,153570,67515.5,13500,67513.0,2390,67517.0,5000,67510.0,12100,67518.5,3220,67509.0,24200,67519.0,16190,67508.5,31900,67523.0,4550,67508.0,66940,67523.5,6050,67507.5,1500,67524.0,12100,67505.5,24190,67524.5,6050,67505.0,113710,67526.5,12100,67503.5,6590,67527.0,24190,67501.5,81190,67527.5,3750,67501.0,32500,67528.0,9060,67500.5,90,67531.5,2310,67500.0,49440,67532.5,1520,67499.0,31800,67534.5,12300,67498.5,3470,67535.0,32500,67498.0,50000,67537.5,10,67495.5,50000,67539.0,45000,67494.0,60200,67540.0,2540,67490.0,90,67540.5,3470,67489.5,16050,67541.0,13190,67489.0,101440,67543.0,81240,67488.5,38550,67543.5,6050,67488.0,27370,67547.0,9470,67486.5,380
2024-06-01 00:02:21,67514.5,7720,67514.0,157760,67515.5,13500,67513.0,2390,67517.0,5000,67510.0,12100,67518.5,35020,67509.0,24200,67519.0,16190,67508.5,31900,67523.0,4550,67508.0,66940,67523.5,6050,67507.5,1500,67524.0,12100,67505.5,24190,67524.5,6050,67505.0,113710,67526.5,12100,67503.5,6590,67527.0,25360,67501.5,81190,67528.0,9060,67501.0,32500,67531.5,2310,67500.5,90,67532.5,1520,67500.0,49440,67533.5,3750,67499.0,31800,67534.5,200,67498.5,3470,67535.0,32500,67498.0,50000,67537.5,10,67497.0,15000,67538.5,12100,67495.5,50000,67539.0,45000,67494.0,45200,67540.0,2540,67490.0,90,67540.5,3470,67489.5,16050,67541.0,13190,67489.0,101440,67543.5,6050,67488.5,38550,67546.5,81240,67488.0,27370
2024-06-01 00:02:22,67514.5,7720,67514.0,188400,67515.5,13500,67513.0,1220,67517.0,5000,67510.0,12100,67519.0,16190,67509.5,12100,67523.0,4550,67509.0,12100,67523.5,6050,67508.5,31900,67524.5,6050,67508.0,66940,67526.0,12100,67507.5,1500,67527.5,12100,67505.5,24190,67528.0,33250,67505.0,113710,67531.5,2310,67504.0,81190,67532.5,1520,67503.5,6590,67533.5,3750,67501.0,36050,67534.5,12300,67500.5,90,67535.0,32500,67500.0,49440,67537.5,10,67499.0,31800,67539.0,45000,67498.0,50000,67540.0,2540,67497.0,15000,67540.5,3470,67495.5,50000,67541.0,13190,67494.0,45200,67543.5,6050,67490.0,90,67546.5,81240,67489.5,6050,67547.0,9470,67489.0,101440,67548.0,38550,67488.5,38550,67549.0,10,67488.0,27370
