local_timestamp,asks[0].price,asks[0].amount,bids[0].price,bids[0].amount,asks[1].price,asks[1].amount,bids[1].price,bids[1].amount,asks[2].price,asks[2].amount,bids[2].price,bids[2].amount,asks[3].price,asks[3].amount,bids[3].price,bids[3].amount,asks[4].price,asks[4].amount,bids[4].price,bids[4].amount,asks[5].price,asks[5].amount,bids[5].price,bids[5].amount,asks[6].price,asks[6].amount,bids[6].price,bids[6].amount,asks[7].price,asks[7].amount,bids[7].price,bids[7].amount,asks[8].price,asks[8].amount,bids[8].price,bids[8].amount,asks[9].price,asks[9].amount,bids[9].price,bids[9].amount,asks[10].price,asks[10].amount,bids[10].price,bids[10].amount,asks[11].price,asks[11].amount,bids[11].price,bids[11].amount,asks[12].price,asks[12].amount,bids[12].price,bids[12].amount,asks[13].price,asks[13].amount,bids[13].price,bids[13].amount,asks[14].price,asks[14].amount,bids[14].price,bids[14].amount,asks[15].price,asks[15].amount,bids[15].price,bids[15].amount,asks[16].price,asks[16].amount,bids[16].price,bids[16].amount,asks[17].price,asks[17].amount,bids[17].price,bids[17].amount,asks[18].price,asks[18].amount,bids[18].price,bids[18].amount,asks[19].price,asks[19].amount,bids[19].price,bids[19].amount,asks[20].price,asks[20].amount,bids[20].price,bids[20].amount,asks[21].price,asks[21].amount,bids[21].price,bids[21].amount,asks[22].price,asks[22].amount,bids[22].price,bids[22].amount,asks[23].price,asks[23].amount,bids[23].price,bids[23].amount,asks[24].price,asks[24].amount,bids[24].price,bids[24].amount
1711929600,71391.5,319190.0,71391.0,167690.0,71394.0,73400.0,71387.5,580.0,71394.5,54500.0,71383.5,4190.0,71395.5,240.0,71380.0,1210.0,71396.0,73400.0,71379.0,3980.0,71396.5,5350.0,71377.0,580.0,71398.0,85400.0,71373.0,5400.0,71398.5,13630.0,71369.0,17630.0,71403.0,6150.0,71367.0,10000.0,71405.0,10000.0,71366.5,580.0,71405.5,4330.0,71365.5,1460.0,71406.0,509310.0,71365.0,56000.0,71407.5,17850.0,71359.0,100190.0,71408.0,6420.0,71358.5,8890.0,71411.5,27430.0,71356.5,2000.0,71412.5,8890.0,71353.5,100.0,71413.0,66800.0,71352.0,12000.0,71413.5,56000.0,71350.5,70030.0,71414.0,6700.0,71345.5,21520.0,71415.5,47700.0,71345.0,100.0,71417.5,72870.0,71343.5,12000.0,71418.0,800.0,71342.5,12210.0,71420.5,69480.0,71342.0,12110.0,71424.0,2370.0,71341.5,2000.0,71426.0,20000.0,71339.5,12110.0
1711929601,71388.0,178630.0,71366.5,580.0,71389.5,10000.0,71365.5,71240.0,71391.0,73500.0,71365.0,56000.0,71391.5,346020.0,71358.5,200.0,71394.5,57860.0,71353.0,100.0,71398.0,12430.0,71352.0,12000.0,71398.5,13200.0,71350.0,50000.0,71403.0,1460.0,71345.5,23520.0,71404.0,35700.0,71344.5,100.0,71405.5,4330.0,71343.5,12000.0,71406.0,508330.0,71342.5,100.0,71407.5,17850.0,71338.5,17190.0,71408.0,6420.0,71338.0,36330.0,71410.5,10000.0,71337.5,35660.0,71412.5,71410.0,71335.0,50000.0,71415.5,12000.0,71332.0,24210.0,71417.5,1460.0,71331.5,38060.0,71420.5,200.0,71331.0,27430.0,71422.5,800.0,71330.0,35880.0,71424.0,2370.0,71328.0,700000.0,71426.0,5000.0,71327.0,12000.0,71427.5,16800.0,71326.5,12000.0,71428.5,21520.0,71323.0,12000.0,71430.0,56000.0,71321.5,35670.0,71430.5,8890.0,71321.0,23840.0
1711929602,71363.0,68870.0,71352.5,54660.0,71366.5,3760.0,71349.0,8960.0,71367.0,208950.0,71343.5,12000.0,71367.5,112500.0,71337.0,50000.0,71371.5,2200.0,71336.5,1830.0,71372.5,270.0,71330.5,100.0,71373.0,430.0,71330.0,35880.0,71376.0,6700.0,71327.0,47660.0,71384.5,15000.0,71326.5,12000.0,71387.5,85470.0,71323.0,12000.0,71388.0,600.0,71321.5,36330.0,71390.5,10000.0,71321.0,7040.0,71391.0,73500.0,71319.0,2000.0,71391.5,18680.0,71318.0,24410.0,71392.0,35690.0,71317.5,5400.0,71394.0,4450.0,71310.0,119140.0,71394.5,12000.0,71309.0,35670.0,71397.0,5240.0,71308.5,19160.0,71398.0,12000.0,71307.5,27430.0,71398.5,13200.0,71306.0,12600.0,71400.0,479700.0,71305.0,16800.0,71400.5,71400.0,71301.0,54860.0,71401.0,200.0,71295.5,48980.0,71403.0,1460.0,71293.5,21520.0,71403.5,10000.0,71293.0,739650.0
1711929603,71349.5,204530.0,71349.0,56900.0,71351.0,1930.0,71343.5,2690.0,71354.0,3510.0,71340.5,610.0,71355.5,32500.0,71333.5,64960.0,71357.5,3980.0,71330.0,35880.0,71359.5,73400.0,71329.5,610.0,71360.0,4540.0,71327.0,12000.0,71362.5,73400.0,71326.5,12000.0,71363.0,74000.0,71323.0,190880.0,71363.5,430.0,71322.5,5400.0,71367.0,1210.0,71312.5,100.0,71367.5,80000.0,71312.0,2200.0,71375.0,10000.0,71308.5,36320.0,71376.0,6700.0,71307.5,27430.0,71380.0,1480.0,71306.5,24220.0,71382.0,56000.0,71306.0,12000.0,71386.5,200.0,71304.5,100190.0,71387.5,12000.0,71298.0,100.0,71388.0,600.0,71296.5,100.0,71391.0,8890.0,71295.5,48980.0,71391.5,18680.0,71294.0,35670.0,71392.0,16800.0,71293.5,21520.0,71394.5,12000.0,71293.0,700000.0,71395.0,29970.0,71292.5,1930.0,71395.5,610.0,71291.0,19160.0
1711929604,71344.0,165120.0,71343.5,3980.0,71348.5,73400.0,71341.0,14000.0,71349.0,1910.0,71340.5,610.0,71349.5,6910.0,71333.5,64960.0,71354.0,3510.0,71330.0,35880.0,71357.0,3980.0,71329.5,610.0,71357.5,1220.0,71327.0,12000.0,71360.0,4540.0,71326.5,12000.0,71363.0,600.0,71323.0,190880.0,71363.5,430.0,71322.5,5400.0,71367.0,1210.0,71310.5,50000.0,71367.5,80000.0,71308.5,12110.0,71375.5,10000.0,71308.0,24210.0,71376.0,6700.0,71307.0,12210.0,71380.0,1480.0,71306.5,12310.0,71381.0,200.0,71306.0,12000.0,71382.0,56000.0,71302.0,2000.0,71387.5,12000.0,71299.0,15000.0,71388.0,600.0,71297.5,100.0,71391.0,8890.0,71296.0,100.0,71391.5,18680.0,71295.5,48980.0,71392.0,16800.0,71294.0,35670.0,71394.5,12000.0,71293.5,21520.0,71395.5,610.0,71293.0,700000.0,71397.5,50000.0,71292.5,1930.0
1711929605,71344.5,10.0,71344.0,86870.0,71351.5,96240.0,71343.5,11130.0,71352.0,32500.0,71340.5,1780.0,71355.5,33100.0,71340.0,1480.0,71357.5,3980.0,71334.0,4580.0,71363.0,1910.0,71333.5,56000.0,71369.5,1170.0,71331.5,10000.0,71376.0,6700.0,71330.5,50000.0,71377.5,10000.0,71330.0,35880.0,71382.0,56000.0,71329.5,10610.0,71384.0,1480.0,71328.5,10000.0,71387.5,12000.0,71327.5,10000.0,71388.0,600.0,71327.0,22000.0,71391.5,18680.0,71326.5,12000.0,71392.0,17000.0,71323.0,12000.0,71393.0,800.0,71315.0,50000.0,71394.5,12000.0,71307.5,15000.0,71395.5,610.0,71307.0,12110.0,71398.0,62000.0,71306.0,12000.0,71398.5,42000.0,71298.5,48430.0,71400.0,479700.0,71298.0,2000.0,71405.5,8890.0,71296.5,200.0,71406.0,56060.0,71295.5,48980.0,71410.5,501270.0,71294.0,35670.0,71412.0,35700.0,71293.5,21520.0
1711929606,71341.0,179090.0,71340.5,210.0,71343.5,73300.0,71334.0,4580.0,71344.0,105800.0,71330.0,12000.0,71344.5,96240.0,71329.5,610.0,71346.5,80000.0,71328.5,1470.0,71348.5,73300.0,71327.0,12000.0,71355.5,600.0,71326.5,12000.0,71360.5,10000.0,71323.0,12000.0,71365.5,2370.0,71322.0,8960.0,71369.5,1170.0,71310.0,23880.0,71380.5,8890.0,71306.0,12000.0,71382.0,56000.0,71295.0,7040.0,71384.0,1480.0,71294.5,2000.0,71384.5,610.0,71293.5,21720.0,71387.0,50000.0,71289.0,12110.0,71387.5,12000.0,71286.0,48430.0,71388.0,800.0,71285.5,17190.0,71391.5,18680.0,71284.0,50000.0,71392.0,16800.0,71281.5,21110.0,71394.5,12000.0,71281.0,600.0,71395.5,610.0,71280.5,27430.0,71398.0,12000.0,71279.5,35670.0,71398.5,42000.0,71279.0,132310.0,71400.0,515400.0,71275.5,16800.0,71406.0,56060.0,71274.5,41130.0
1711929607,71315.0,174670.0,71314.5,69420.0,71318.5,23510.0,71314.0,1510.0,71322.0,430.0,71313.0,14260.0,71328.5,80000.0,71307.0,10570.0,71329.5,9960.0,71306.0,12000.0,71330.0,2350.0,71305.0,8960.0,71339.0,4110.0,71298.5,56000.0,71345.0,10000.0,71296.0,610.0,71350.0,2400.0,71285.0,610.0,71351.0,1460.0,71282.5,2000.0,71353.5,16800.0,71281.5,5400.0,71355.5,600.0,71274.5,1630.0,71357.0,6070.0,71272.0,19160.0,71360.5,200.0,71269.5,100.0,71361.0,56000.0,71269.0,7240.0,71363.5,8890.0,71268.0,50000.0,71365.0,36080.0,71266.5,15000.0,71366.5,50000.0,71262.0,15620.0,71367.5,50000.0,71259.5,38320.0,71368.0,45110.0,71259.0,700000.0,71371.5,1480.0,71258.5,134390.0,71373.5,610.0,71258.0,50000.0,71374.0,81430.0,71247.0,3840.0,71382.0,35690.0,71245.5,2910.0,71384.0,100.0,71244.0,1690.0
1711929608,71307.5,612030.0,71307.0,1280.0,71311.0,73300.0,71297.5,9960.0,71311.5,80000.0,71296.0,610.0,71314.5,73730.0,71294.0,1520.0,71315.0,2380.0,71288.0,12500.0,71318.0,73300.0,71286.0,8960.0,71327.5,1220.0,71285.0,610.0,71329.5,4450.0,71280.5,10000.0,71330.0,600.0,71279.5,66000.0,71333.0,10000.0,71275.0,50000.0,71337.0,1210.0,71274.5,84000.0,71338.0,56000.0,71269.0,5400.0,71347.5,25170.0,71268.0,50000.0,71348.5,20480.0,71262.0,15620.0,71351.0,1460.0,71261.5,200.0,71353.0,200.0,71260.0,60540.0,71353.5,16800.0,71259.5,21520.0,71355.5,600.0,71259.0,2000.0,71357.0,6070.0,71258.5,134390.0,71359.0,84330.0,71257.0,100140.0,71361.5,7040.0,71250.5,600.0,71363.5,8890.0,71247.5,35670.0,71364.0,35680.0,71247.0,3840.0,71365.0,36080.0,71245.5,19160.0,71373.5,610.0,71244.5,7040.0
1711929609,71296.5,101380.0,71296.0,5620.0,71300.0,32500.0,71289.5,9960.0,71303.5,73200.0,71288.0,12500.0,71304.5,80000.0,71286.0,8960.0,71307.5,576970.0,71285.0,610.0,71309.5,9960.0,71279.5,56000.0,71312.0,50.0,71274.5,1630.0,71314.5,73300.0,71262.5,50000.0,71315.0,2380.0,71259.5,21520.0,71327.5,1220.0,71258.5,134390.0,71329.0,10000.0,71253.0,24210.0,71329.5,4450.0,71251.5,36330.0,71330.0,600.0,71250.5,600.0,71331.5,2400.0,71250.0,200.0,71332.0,35660.0,71249.0,50000.0,71336.0,1530.0,71248.0,27430.0,71337.0,1210.0,71247.0,3840.0,71338.0,56000.0,71245.5,21160.0,71342.5,200.0,71245.0,71290.0,71347.5,50000.0,71244.5,7040.0,71348.5,610.0,71244.0,16800.0,71349.5,8890.0,71234.0,16300.0,71351.0,1460.0,71229.5,159730.0,71353.5,16800.0,71223.0,47760.0,71355.5,600.0,71222.5,1530.0
1711929610,71296.5,163590.0,71296.0,70110.0,71307.5,560300.0,71295.5,9960.0,71312.0,50.0,71289.0,1520.0,71314.5,73300.0,71288.0,12500.0,71315.0,2380.0,71286.0,8960.0,71316.0,9960.0,71285.0,610.0,71327.5,1220.0,71280.0,4430.0,71329.5,4450.0,71279.5,56000.0,71330.0,10600.0,71274.5,1630.0,71331.5,2400.0,71274.0,50000.0,71332.0,35660.0,71273.5,82320.0,71336.0,1530.0,71262.5,100150.0,71337.0,1210.0,71262.0,50000.0,71338.0,56000.0,71259.5,21520.0,71338.5,240.0,71258.5,134390.0,71340.5,71340.0,71256.5,71940.0,71342.5,200.0,71256.0,12110.0,71344.0,100.0,71255.5,600.0,71344.5,27430.0,71250.0,200.0,71345.5,7040.0,71249.5,12110.0,71346.0,100.0,71249.0,50000.0,71348.5,610.0,71248.5,100.0,71349.5,8890.0,71248.0,27430.0,71350.5,100.0,71247.0,3840.0,71351.0,1460.0,71245.5,19160.0
1711929611,71296.5,35260.0,71296.0,174300.0,71307.0,59910.0,71295.5,9960.0,71307.5,479700.0,71289.0,1520.0,71312.0,50.0,71288.0,12500.0,71314.0,80000.0,71286.0,8960.0,71315.0,2380.0,71285.0,610.0,71323.0,9960.0,71282.0,50000.0,71327.5,1220.0,71281.5,83800.0,71329.5,4450.0,71280.0,4430.0,71330.0,600.0,71279.5,56000.0,71331.5,2400.0,71277.0,20000.0,71332.0,35660.0,71275.0,5400.0,71334.0,10000.0,71274.5,1630.0,71337.0,1210.0,71268.5,100150.0,71338.0,56000.0,71267.0,35630.0,71340.5,71340.0,71265.5,24210.0,71342.5,200.0,71265.0,24220.0,71344.0,200.0,71264.5,600.0,71344.5,27430.0,71264.0,27430.0,71348.5,610.0,71262.5,12110.0,71350.5,100.0,71262.0,50000.0,71351.0,1460.0,71261.0,7040.0,71353.5,16800.0,71259.5,21520.0,71355.5,600.0,71258.5,134390.0,71357.0,6070.0,71250.0,35860.0
1711929612,71296.5,39730.0,71296.0,174710.0,71299.0,24220.0,71295.5,18920.0,71299.5,35690.0,71289.0,1520.0,71300.0,600.0,71288.0,12500.0,71307.5,479700.0,71285.0,610.0,71312.0,50.0,71282.0,50000.0,71314.5,12110.0,71281.5,83800.0,71315.0,2380.0,71280.0,4430.0,71315.5,80000.0,71279.5,56000.0,71323.0,9960.0,71276.5,15000.0,71327.5,1220.0,71275.0,5400.0,71329.5,4450.0,71274.5,1630.0,71330.0,600.0,71270.0,600.0,71331.5,2400.0,71268.5,100150.0,71332.0,35660.0,71267.0,35630.0,71335.5,10000.0,71265.0,24220.0,71337.0,1210.0,71264.0,27430.0,71338.0,57530.0,71263.5,24210.0,71340.5,71340.0,71263.0,990.0,71342.5,200.0,71262.0,50000.0,71344.0,200.0,71261.0,7040.0,71344.5,27430.0,71260.0,12110.0,71348.5,610.0,71259.5,21520.0,71350.5,100.0,71258.5,134390.0,71351.0,31460.0,71250.0,35860.0
1711929613,71296.5,181220.0,71296.0,161510.0,71307.5,479700.0,71295.5,8960.0,71308.5,80000.0,71289.0,1520.0,71312.0,50.0,71288.0,12500.0,71315.0,2380.0,71285.0,610.0,71316.5,9960.0,71280.0,54430.0,71326.5,10.0,71279.5,56000.0,71327.5,1220.0,71274.5,1630.0,71329.5,4450.0,71270.0,23880.0,71330.0,600.0,71269.5,5400.0,71331.5,12400.0,71267.0,50000.0,71332.0,35660.0,71264.0,27430.0,71337.0,1210.0,71262.0,12110.0,71338.0,57530.0,71261.5,600.0,71340.5,71340.0,71261.0,7040.0,71342.5,200.0,71260.0,36320.0,71344.0,100.0,71259.5,21520.0,71344.5,27430.0,71258.5,134390.0,71348.5,610.0,71256.0,12110.0,71351.0,31460.0,71255.5,990.0,71353.5,16800.0,71255.0,135770.0,71355.5,600.0,71250.0,200.0,71357.0,14960.0,71249.0,50000.0,71370.0,644060.0,71248.5,35670.0,71373.5,610.0,71248.0,15000.0
1711929614,71296.5,181220.0,71296.0,125920.0,71299.0,80000.0,71289.5,9960.0,71307.5,479700.0,71288.5,1480.0,71311.5,9960.0,71288.0,12500.0,71312.0,50.0,71285.0,610.0,71315.0,2380.0,71280.0,54430.0,71316.0,56000.0,71279.5,64960.0,71317.0,2520.0,71274.5,1630.0,71320.0,35660.0,71268.5,100150.0,71326.5,10.0,71266.0,10000.0,71327.5,11220.0,71262.0,5400.0,71328.0,71320.0,71261.0,12110.0,71329.5,4450.0,71260.5,600.0,71330.0,600.0,71260.0,36320.0,71337.0,1210.0,71259.5,21520.0,71338.0,1530.0,71258.5,134390.0,71342.5,200.0,71255.5,12110.0,71344.5,27430.0,71255.0,35620.0,71347.5,100.0,71250.0,200.0,71348.0,8890.0,71249.5,990.0,71348.5,610.0,71249.0,50000.0,71351.0,31460.0,71248.0,15000.0,71353.5,16800.0,71247.5,35670.0,71355.5,600.0,71247.0,3840.0,71362.5,7040.0,71245.5,19160.0
1711929615,71296.5,212470.0,71296.0,93200.0,71302.0,430.0,71288.5,1480.0,71302.5,1510.0,71288.0,12500.0,71306.0,9960.0,71285.0,610.0,71307.5,479700.0,71283.0,9960.0,71311.5,4680.0,71280.0,4430.0,71312.0,50.0,71279.5,64960.0,71315.0,2380.0,71274.5,1630.0,71316.0,56000.0,71263.0,50000.0,71317.0,2520.0,71260.0,990.0,71320.0,35660.0,71259.5,21520.0,71320.5,10000.0,71258.5,134390.0,71326.5,10.0,71253.5,5400.0,71327.5,1220.0,71251.5,15000.0,71328.0,71320.0,71250.0,200.0,71330.0,600.0,71249.5,24210.0,71337.0,18010.0,71249.0,50000.0,71338.5,46390.0,71248.5,24220.0,71342.5,200.0,71248.0,100.0,71344.0,100.0,71247.5,12110.0,71344.5,27430.0,71247.0,3840.0,71346.5,7040.0,71245.5,19160.0,71348.0,8890.0,71241.5,2000.0,71348.5,610.0,71240.5,35670.0,71350.5,100.0,71240.0,35620.0
1711929616,71296.5,205670.0,71296.0,93200.0,71297.5,73200.0,71288.5,1500.0,71298.0,80000.0,71288.0,12500.0,71302.5,1940.0,71285.0,610.0,71306.0,9960.0,71283.0,9960.0,71307.5,479700.0,71280.0,4430.0,71311.5,4680.0,71279.5,64960.0,71312.0,50.0,71274.5,1630.0,71315.0,2380.0,71269.0,50000.0,71316.0,56000.0,71267.5,10000.0,71317.0,2520.0,71265.0,82800.0,71320.0,35660.0,71262.5,10000.0,71323.5,10000.0,71260.0,990.0,71326.5,10.0,71259.5,41920.0,71327.5,1220.0,71258.5,134390.0,71328.0,71320.0,71253.5,100130.0,71330.0,600.0,71251.0,12110.0,71337.0,18010.0,71250.5,47730.0,71342.5,200.0,71250.0,12310.0,71343.5,82460.0,71249.5,24210.0,71344.0,200.0,71249.0,50000.0,71344.5,27430.0,71248.5,100.0,71346.5,7040.0,71247.0,3840.0,71348.0,8890.0,71245.5,19160.0,71348.5,610.0,71242.0,35670.0
1711929617,71296.5,96850.0,71296.0,191130.0,71302.5,1510.0,71295.0,9960.0,71307.0,80000.0,71289.0,8960.0,71307.5,479700.0,71288.5,1500.0,71312.0,50.0,71288.0,12500.0,71315.0,2380.0,71285.0,610.0,71316.0,56000.0,71280.0,4430.0,71317.0,12480.0,71279.5,56000.0,71326.5,10.0,71278.5,10000.0,71327.5,1220.0,71275.0,81830.0,71328.0,10000.0,71274.5,1630.0,71330.0,600.0,71270.5,50000.0,71332.0,35660.0,71269.5,50000.0,71337.0,18010.0,71269.0,10000.0,71340.5,71340.0,71267.0,15000.0,71342.5,200.0,71262.5,600.0,71346.0,200.0,71260.5,24210.0,71346.5,7040.0,71260.0,990.0,71348.5,610.0,71259.5,21520.0,71349.5,100.0,71259.0,24220.0,71350.0,27430.0,71258.5,134390.0,71351.0,30000.0,71258.0,12110.0,71354.5,83960.0,71257.5,35620.0,71355.5,600.0,71254.5,100130.0,71357.5,8890.0,71253.5,7040.0
1711929618,71305.5,37850.0,71305.0,145820.0,71306.5,600.0,71301.5,42700.0,71307.5,479700.0,71296.5,8960.0,71312.0,50.0,71296.0,5070.0,71314.0,35690.0,71291.5,10000.0,71315.0,2380.0,71289.0,84990.0,71320.5,24230.0,71288.5,1500.0,71321.0,80000.0,71288.0,12500.0,71326.5,10.0,71285.0,610.0,71327.5,1220.0,71281.0,15190.0,71328.5,2520.0,71280.5,5270.0,71330.0,600.0,71280.0,9690.0,71332.5,56000.0,71279.5,71000.0,71337.0,1210.0,71276.0,50000.0,71344.0,35670.0,71275.0,600.0,71348.5,610.0,71274.5,37260.0,71350.5,100.0,71273.5,60540.0,71352.0,200.0,71270.5,50000.0,71352.5,71350.0,71264.5,100120.0,71353.5,100.0,71260.5,35670.0,71354.0,16800.0,71260.0,990.0,71364.5,100.0,71259.5,21520.0,71365.0,8890.0,71258.5,134590.0,71370.0,173660.0,71254.0,90.0,71371.5,28030.0,71253.5,7040.0
1711929619,71305.5,37850.0,71305.0,146070.0,71306.5,600.0,71301.5,42460.0,71307.5,479700.0,71296.5,8960.0,71312.0,50.0,71296.0,5070.0,71314.0,35690.0,71291.5,10000.0,71315.0,2380.0,71289.0,84990.0,71320.5,24230.0,71288.5,1500.0,71321.0,80000.0,71288.0,12500.0,71326.5,10.0,71285.0,15610.0,71327.5,1220.0,71283.5,50000.0,71328.5,2520.0,71281.5,600.0,71330.0,600.0,71281.0,5190.0,71332.5,56000.0,71280.5,15270.0,71337.0,1210.0,71280.0,9690.0,71344.0,35670.0,71279.5,56000.0,71348.5,610.0,71275.0,12110.0,71352.0,200.0,71274.5,85690.0,71352.5,71350.0,71274.0,100120.0,71353.5,200.0,71270.5,50000.0,71354.0,16800.0,71260.5,35670.0,71364.5,100.0,71260.0,28420.0,71365.0,8890.0,71259.5,21520.0,71370.0,142740.0,71258.5,134590.0,71371.5,28030.0,71257.0,23880.0,71373.5,610.0,71254.0,90.0
1711929620,71305.5,12120.0,71305.0,191830.0,71307.0,24220.0,71303.0,5190.0,71307.5,479700.0,71302.5,5130.0,71312.0,50.0,71302.0,5190.0,71314.5,35690.0,71301.5,32500.0,71315.0,2380.0,71300.0,1480.0,71324.5,80000.0,71296.0,5070.0,71326.5,10.0,71292.0,5210.0,71327.0,24230.0,71288.5,1500.0,71327.5,1220.0,71288.0,12500.0,71328.5,2520.0,71287.5,55400.0,71330.0,600.0,71285.0,15610.0,71337.0,1210.0,71281.5,600.0,71339.0,56000.0,71280.5,24210.0,71340.0,9960.0,71280.0,16540.0,71344.0,35670.0,71279.5,56000.0,71348.5,610.0,71278.5,12110.0,71352.0,200.0,71278.0,12110.0,71352.5,71350.0,71274.5,37260.0,71353.0,100.0,71270.5,50000.0,71353.5,100.0,71260.5,35660.0,71354.0,16800.0,71260.0,28420.0,71364.5,100.0,71259.5,21520.0,71370.0,142740.0,71259.0,7040.0,71371.5,600.0,71258.5,134590.0
1711929621,71307.5,479710.0,71307.0,131570.0,71308.0,1520.0,71305.5,5250.0,71312.0,50.0,71305.0,103710.0,71314.5,35690.0,71303.5,5140.0,71315.0,2380.0,71303.0,5190.0,71324.0,24230.0,71302.5,5130.0,71324.5,80000.0,71302.0,56000.0,71326.5,10.0,71296.0,5070.0,71327.5,1220.0,71295.5,10000.0,71328.5,2520.0,71288.5,1500.0,71330.0,600.0,71288.0,27500.0,71340.0,36360.0,71287.5,50000.0,71340.5,9960.0,71287.0,6000.0,71344.0,35670.0,71285.0,610.0,71348.5,56610.0,71282.0,50000.0,71352.0,10.0,71281.5,35640.0,71352.5,71350.0,71280.5,24220.0,71353.0,100.0,71280.0,28640.0,71354.0,17000.0,71275.0,12110.0,71360.5,200.0,71274.5,1630.0,71371.5,600.0,71270.5,50000.0,71373.5,85640.0,71261.0,35660.0,71374.0,8890.0,71260.5,100320.0,71377.0,5370.0,71260.0,28420.0,71379.0,27430.0,71259.5,21610.0
1711929622,71307.5,632960.0,71307.0,2670.0,71308.0,1520.0,71305.0,10.0,71309.0,80000.0,71296.0,3880.0,71312.0,50.0,71293.0,5100.0,71314.5,10390.0,71292.5,5270.0,71315.0,2380.0,71292.0,15280.0,71326.5,10.0,71291.0,5170.0,71329.0,10000.0,71290.5,50000.0,71330.0,600.0,71289.0,50000.0,71333.0,5320.0,71288.0,12500.0,71334.0,35660.0,71285.5,56000.0,71336.5,56000.0,71285.0,610.0,71339.5,16800.0,71283.5,8960.0,71340.0,4480.0,71282.0,40000.0,71348.5,50610.0,71280.0,4430.0,71352.0,10.0,71274.5,1630.0,71352.5,71350.0,71266.0,6000.0,71354.0,200.0,71260.5,200.0,71360.0,8890.0,71260.0,990.0,71371.5,10610.0,71259.5,21520.0,71372.5,23880.0,71258.5,134390.0,71373.5,85640.0,71258.0,35620.0,71377.0,5370.0,71257.0,23880.0,71379.0,27430.0,71255.0,48430.0,71384.5,610.0,71254.5,15000.0
1711929623,71296.5,285090.0,71296.0,3880.0,71297.0,9960.0,71288.0,12500.0,71297.5,32500.0,71286.0,5090.0,71300.5,4190.0,71285.0,610.0,71301.0,73200.0,71280.0,4430.0,71302.5,430.0,71275.0,8960.0,71305.0,73200.0,71274.5,1630.0,71307.5,484030.0,71265.0,6260.0,71308.0,1520.0,71262.5,5120.0,71311.5,4650.0,71262.0,5310.0,71312.0,50.0,71260.0,5290.0,71315.0,2380.0,71259.5,21520.0,71318.0,10000.0,71258.5,134390.0,71320.0,35660.0,71250.5,100120.0,71326.5,10.0,71249.5,200.0,71328.0,71320.0,71249.0,10.0,71330.0,600.0,71248.0,100.0,71336.5,56000.0,71247.0,3840.0,71339.5,16800.0,71244.0,7040.0,71342.0,240.0,71243.5,35620.0,71343.0,200.0,71239.5,36320.0,71345.0,200.0,71239.0,24320.0,71345.5,8890.0,71238.5,50000.0,71348.5,50610.0,71234.0,16300.0,71351.5,100.0,71233.5,600.0
1711929624,71296.5,136530.0,71296.0,124000.0,71302.5,49910.0,71289.0,5190.0,71306.5,80000.0,71288.5,9960.0,71307.5,481510.0,71288.0,12500.0,71308.0,1520.0,71286.0,5090.0,71311.5,4650.0,71285.0,610.0,71312.0,50.0,71284.5,8960.0,71315.0,2380.0,71280.0,4430.0,71315.5,9960.0,71279.0,4990.0,71319.5,35650.0,71274.5,1630.0,71324.5,10000.0,71271.5,1200.0,71326.5,10.0,71271.0,10000.0,71327.5,71320.0,71267.5,5140.0,71330.0,600.0,71266.5,5140.0,71334.0,56000.0,71266.0,15230.0,71337.5,610.0,71265.0,56990.0,71339.5,16800.0,71262.0,15000.0,71342.0,240.0,71259.5,21520.0,71343.0,200.0,71258.5,134990.0,71344.5,100.0,71258.0,74210.0,71348.5,610.0,71257.5,85870.0,71352.0,10.0,71257.0,1470.0,71355.0,142710.0,71256.0,12110.0,71356.0,8890.0,71253.0,24220.0,71365.0,7040.0,71252.5,35620.0
1711929625,71296.5,70030.0,71296.0,137540.0,71302.0,59910.0,71292.0,8960.0,71302.5,49910.0,71290.5,5140.0,71305.5,600.0,71290.0,5250.0,71307.5,480910.0,71289.5,5320.0,71308.0,81520.0,71289.0,5190.0,71311.5,4650.0,71288.0,12500.0,71312.0,50.0,71286.0,5090.0,71315.0,2380.0,71285.0,610.0,71324.0,16800.0,71284.5,10000.0,71326.5,10.0,71284.0,10000.0,71328.0,10000.0,71283.0,10000.0,71329.0,35660.0,71282.0,10000.0,71330.0,600.0,71280.0,4430.0,71334.0,56000.0,71276.5,3550.0,71337.5,610.0,71274.5,1630.0,71339.0,71330.0,71273.5,1490.0,71343.0,200.0,71269.0,10000.0,71347.0,100.0,71266.0,600.0,71347.5,100.0,71265.0,56990.0,71348.5,610.0,71262.5,24210.0,71351.5,100.0,71262.0,15000.0,71352.0,10.0,71260.5,47740.0,71355.0,142710.0,71259.5,45740.0,71356.0,8890.0,71258.5,234520.0
1711929626,71296.5,70030.0,71296.0,152670.0,71301.5,24220.0,71292.5,5310.0,71302.0,35690.0,71292.0,8960.0,71305.5,600.0,71290.5,5140.0,71307.5,480910.0,71290.0,5250.0,71308.0,81520.0,71289.5,5320.0,71311.5,4650.0,71289.0,56000.0,71312.0,50.0,71288.0,13690.0,71315.0,2380.0,71286.5,14330.0,71324.0,16800.0,71286.0,5090.0,71326.5,10.0,71285.0,610.0,71329.0,35660.0,71283.0,15000.0,71329.5,10000.0,71280.0,4430.0,71330.0,600.0,71275.5,81330.0,71332.5,2050.0,71275.0,50000.0,71334.0,56000.0,71274.5,1630.0,71337.5,610.0,71273.5,1490.0,71339.0,71330.0,71269.0,10000.0,71343.0,200.0,71268.5,35630.0,71345.5,100.0,71266.0,600.0,71346.0,100.0,71265.0,990.0,71348.5,610.0,71262.0,15000.0,71351.5,100.0,71261.0,24210.0,71352.0,10.0,71259.5,45740.0,71355.0,142710.0,71258.5,134390.0
1711929627,71296.5,37530.0,71296.0,152800.0,71305.0,59910.0,71292.5,5310.0,71307.5,480910.0,71292.0,8960.0,71308.0,1520.0,71290.5,5140.0,71312.0,50.0,71290.0,5250.0,71312.5,80000.0,71289.5,5320.0,71315.0,2380.0,71289.0,56000.0,71326.5,10.0,71288.0,13690.0,71329.0,35660.0,71287.0,5090.0,71330.0,600.0,71286.5,29330.0,71332.5,2050.0,71285.0,610.0,71337.5,56610.0,71284.0,5400.0,71339.0,71330.0,71280.0,4430.0,71341.5,16800.0,71276.5,50000.0,71343.0,200.0,71275.0,10000.0,71344.5,100.0,71274.5,1630.0,71345.0,100.0,71273.5,1490.0,71348.5,610.0,71272.5,10000.0,71351.5,100.0,71269.5,50000.0,71352.0,10.0,71269.0,50000.0,71355.0,142710.0,71268.5,35630.0,71355.5,27430.0,71266.0,600.0,71356.0,8890.0,71265.5,24210.0,71360.0,7040.0,71265.0,990.0,71371.5,600.0,71263.0,12110.0
1711929628,71296.5,138900.0,71296.0,139370.0,71305.0,59910.0,71292.5,5310.0,71307.5,480910.0,71292.0,8960.0,71308.0,1520.0,71290.5,5140.0,71312.0,50.0,71290.0,5250.0,71312.5,80000.0,71289.5,5320.0,71315.0,2380.0,71289.0,56000.0,71326.5,10.0,71288.0,18780.0,71329.0,35660.0,71286.5,14330.0,71330.0,600.0,71285.0,610.0,71332.5,2050.0,71284.5,15000.0,71337.5,56610.0,71280.0,77840.0,71339.0,71330.0,71278.0,5400.0,71341.5,16800.0,71277.5,50000.0,71343.0,200.0,71274.5,1630.0,71347.5,100.0,71273.5,1490.0,71348.0,100.0,71271.0,7040.0,71348.5,610.0,71269.5,50000.0,71351.5,100.0,71269.0,50000.0,71352.0,10.0,71268.5,100120.0,71355.5,27430.0,71266.0,600.0,71356.0,8890.0,71265.0,990.0,71357.0,73040.0,71262.5,24210.0,71360.0,7040.0,71262.0,15000.0,71371.5,600.0,71260.5,12110.0
1711929629,71296.5,200870.0,71296.0,20500.0,71299.0,80000.0,71293.5,5120.0,71305.5,9960.0,71293.0,5120.0,71307.5,480910.0,71292.5,5250.0,71308.0,1520.0,71292.0,5310.0,71312.0,50.0,71291.5,56000.0,71315.0,2380.0,71289.0,5090.0,71322.5,16800.0,71288.0,12500.0,71325.5,10000.0,71285.0,610.0,71326.5,10.0,71282.5,8960.0,71329.0,35660.0,71282.0,9960.0,71330.0,600.0,71280.5,1180.0,71332.5,2050.0,71280.0,4430.0,71337.5,56610.0,71275.0,74870.0,71339.0,71330.0,71274.5,1630.0,71343.0,200.0,71271.5,15000.0,71346.5,100.0,71269.5,600.0,71348.0,100.0,71269.0,10000.0,71348.5,610.0,71265.0,990.0,71351.5,100.0,71259.5,21520.0,71352.0,10.0,71258.5,134390.0,71355.5,27430.0,71257.0,1470.0,71356.0,8890.0,71254.0,12110.0,71357.0,50000.0,71250.0,48430.0,71358.5,23880.0,71249.5,200.0
1711929630,71296.5,38990.0,71296.0,171870.0,71298.0,35690.0,71292.0,5220.0,71302.0,24220.0,71291.5,56000.0,71307.5,480910.0,71290.0,5090.0,71308.0,1520.0,71288.0,12500.0,71312.0,80050.0,71285.0,610.0,71315.0,2380.0,71282.5,8960.0,71322.5,16800.0,71282.0,9960.0,71325.5,10000.0,71280.5,1180.0,71326.5,10.0,71280.0,4430.0,71329.0,35660.0,71277.0,5070.0,71330.0,600.0,71276.5,5270.0,71332.5,2050.0,71275.5,5100.0,71337.5,56610.0,71275.0,74870.0,71339.0,71330.0,71274.5,1630.0,71343.0,200.0,71271.5,15000.0,71345.0,200.0,71269.5,600.0,71348.5,77560.0,71268.5,100120.0,71351.5,100.0,71265.5,23880.0,71352.0,10.0,71265.0,990.0,71355.5,27430.0,71264.5,10000.0,71356.0,8890.0,71261.5,50000.0,71357.0,50000.0,71260.0,24220.0,71358.5,23880.0,71259.5,21520.0,71368.5,7040.0,71259.0,12110.0
1711929631,71296.5,37530.0,71296.0,185170.0,71306.5,35690.0,71295.0,9960.0,71307.0,24220.0,71293.5,5080.0,71307.5,480910.0,71293.0,5110.0,71308.0,1520.0,71292.5,5200.0,71312.0,80050.0,71292.0,5220.0,71315.0,2380.0,71291.5,56000.0,71317.5,9960.0,71290.5,8960.0,71326.5,10.0,71290.0,5090.0,71329.0,35660.0,71288.0,13670.0,71330.0,600.0,71285.0,10610.0,71330.5,10000.0,71280.5,1180.0,71332.5,2050.0,71280.0,4430.0,71334.5,35670.0,71276.0,1520.0,71337.0,16800.0,71275.5,50000.0,71337.5,56610.0,71275.0,74870.0,71339.0,71330.0,71274.5,1630.0,71343.0,200.0,71271.5,15000.0,71347.5,100.0,71270.0,10000.0,71348.0,100.0,71269.5,600.0,71348.5,610.0,71268.5,100120.0,71351.5,100.0,71265.5,23880.0,71352.0,10.0,71265.0,990.0,71356.0,8890.0,71264.5,24210.0,71358.5,23880.0,71264.0,35630.0
1711929632,71296.5,560160.0,71296.0,84260.0,71306.0,35690.0,71293.5,5080.0,71307.0,24220.0,71293.0,5110.0,71307.5,1210.0,71292.5,5200.0,71308.0,1520.0,71292.0,5220.0,71311.5,9960.0,71291.5,56000.0,71312.0,50.0,71290.5,8960.0,71314.5,80000.0,71290.0,5090.0,71315.0,2380.0,71288.0,22460.0,71326.0,4490.0,71286.5,12580.0,71326.5,10.0,71285.0,610.0,71329.0,35660.0,71280.5,1180.0,71330.0,600.0,71280.0,4430.0,71332.5,2050.0,71275.5,3410.0,71334.5,35670.0,71275.0,74870.0,71337.0,16800.0,71274.5,1630.0,71337.5,56610.0,71271.5,15000.0,71339.0,71330.0,71269.5,600.0,71343.0,200.0,71265.5,48090.0,71346.0,100.0,71265.0,990.0,71346.5,100.0,71264.0,35630.0,71348.5,610.0,71262.0,36330.0,71351.5,100.0,71261.5,50000.0,71352.0,10.0,71259.5,21520.0,71356.0,8890.0,71258.5,134390.0
1711929633,71296.5,595860.0,71296.0,70500.0,71305.5,24220.0,71294.0,13300.0,71306.0,600.0,71293.5,5310.0,71307.5,1210.0,71293.0,5190.0,71308.0,1520.0,71292.5,5240.0,71311.5,89960.0,71292.0,5270.0,71315.0,2380.0,71291.5,56000.0,71326.0,4490.0,71290.5,8960.0,71326.5,10.0,71290.0,5090.0,71329.0,35660.0,71288.0,22460.0,71330.0,600.0,71286.5,12580.0,71332.5,2050.0,71285.0,610.0,71334.5,35670.0,71280.5,11180.0,71337.0,16800.0,71280.0,4430.0,71337.5,56610.0,71277.5,15000.0,71339.0,71330.0,71275.5,3410.0,71343.0,200.0,71275.0,80270.0,71345.0,100.0,71274.5,2230.0,71347.5,100.0,71272.5,23880.0,71348.5,610.0,71272.0,1480.0,71351.5,74680.0,71271.0,7040.0,71352.0,10.0,71269.0,10000.0,71356.0,8890.0,71268.5,100120.0,71359.5,50000.0,71265.0,990.0,71360.0,7040.0,71264.0,35630.0
1711929634,71296.5,595860.0,71296.0,58500.0,71301.0,10.0,71290.5,8960.0,71302.0,24220.0,71290.0,5090.0,71302.5,430.0,71288.0,78460.0,71306.0,600.0,71285.0,610.0,71307.5,1210.0,71280.5,1180.0,71308.0,1520.0,71280.0,4430.0,71309.5,80000.0,71275.5,50000.0,71311.5,9960.0,71275.0,80270.0,71312.0,10.0,71274.5,1630.0,71315.0,2380.0,71272.5,23880.0,71326.0,4490.0,71270.5,27430.0,71326.5,10.0,71265.0,101110.0,71329.0,35670.0,71264.0,35630.0,71329.5,10000.0,71259.5,21520.0,71330.0,600.0,71259.0,24210.0,71332.5,2050.0,71258.5,134390.0,71334.5,35670.0,71257.0,1470.0,71337.0,16800.0,71255.5,12110.0,71337.5,56610.0,71255.0,24220.0,71339.0,71330.0,71254.0,50000.0,71343.0,200.0,71249.5,200.0,71348.0,100.0,71249.0,10.0,71348.5,610.0,71248.0,7040.0,71352.0,10.0,71247.5,35660.0
1711929635,71296.5,597340.0,71296.0,58500.0,71300.5,600.0,71290.5,8960.0,71301.0,10.0,71290.0,5090.0,71302.0,24220.0,71288.0,78460.0,71302.5,430.0,71285.0,610.0,71307.5,1210.0,71280.5,6580.0,71308.0,1520.0,71280.0,4430.0,71309.5,80000.0,71277.5,5220.0,71311.5,9960.0,71277.0,5230.0,71312.0,10.0,71276.5,5110.0,71315.0,2380.0,71276.0,5250.0,71326.0,4490.0,71275.0,74870.0,71326.5,10.0,71274.5,16630.0,71328.5,10000.0,71273.5,10600.0,71329.0,35670.0,71272.5,23880.0,71330.0,600.0,71270.5,27430.0,71332.5,2050.0,71268.0,50000.0,71334.5,35670.0,71265.0,101110.0,71337.0,16800.0,71264.0,35630.0,71337.5,56610.0,71263.5,3400.0,71339.0,71330.0,71259.5,21520.0,71343.0,200.0,71258.5,134390.0,71347.0,100.0,71258.0,24210.0,71347.5,100.0,71257.0,37090.0,71348.5,610.0,71256.0,12110.0
1711929636,71296.5,621560.0,71296.0,58680.0,71300.5,600.0,71290.5,8960.0,71301.0,10.0,71290.0,5090.0,71301.5,1860.0,71288.0,78460.0,71302.5,430.0,71285.0,610.0,71307.5,4220.0,71280.5,6580.0,71308.0,1520.0,71280.0,14710.0,71309.5,80000.0,71277.5,5220.0,71311.5,9960.0,71277.0,5230.0,71312.0,10.0,71276.5,5110.0,71313.5,4210.0,71276.0,5250.0,71315.0,2380.0,71275.0,74870.0,71326.0,14490.0,71274.5,16630.0,71326.5,10.0,71273.5,600.0,71329.0,35670.0,71272.5,23880.0,71330.0,600.0,71268.5,100120.0,71331.5,5970.0,71268.0,50000.0,71332.5,2050.0,71265.0,990.0,71334.5,35670.0,71264.0,35630.0,71337.0,16800.0,71263.5,3400.0,71337.5,106610.0,71259.5,21520.0,71339.0,71330.0,71258.5,134390.0,71343.0,200.0,71257.0,1470.0,71345.0,100.0,71255.0,24210.0,71345.5,100.0,71254.5,12110.0
1711929637,71296.5,627310.0,71296.0,3780.0,71297.0,80000.0,71290.5,8960.0,71299.0,9960.0,71290.0,5090.0,71301.0,10.0,71289.0,1130.0,71302.5,430.0,71288.0,12500.0,71307.0,4300.0,71285.0,610.0,71307.5,1210.0,71280.5,1180.0,71308.0,1520.0,71280.0,4430.0,71312.0,10.0,71276.5,9960.0,71314.5,6450.0,71276.0,56000.0,71315.0,2380.0,71274.5,1630.0,71321.5,10000.0,71268.5,100120.0,71326.5,10.0,71264.0,990.0,71329.0,35670.0,71263.5,3400.0,71330.0,600.0,71260.0,36230.0,71330.5,35670.0,71259.5,21520.0,71332.0,1890.0,71258.5,134390.0,71332.5,2050.0,71257.0,1470.0,71337.0,16800.0,71249.5,200.0,71337.5,106610.0,71249.0,10.0,71339.0,71330.0,71248.5,24210.0,71343.0,200.0,71248.0,26200.0,71344.0,8990.0,71247.0,12110.0,71346.5,74230.0,71246.0,27110.0,71348.5,610.0,71245.5,35620.0
1711929638,71296.5,700510.0,71296.0,3500.0,71297.0,80000.0,71290.0,5090.0,71299.0,9960.0,71289.0,1130.0,71301.0,10.0,71288.0,12500.0,71302.5,430.0,71285.0,610.0,71307.0,4300.0,71283.0,8960.0,71307.5,1210.0,71280.0,4430.0,71308.0,1520.0,71276.5,9960.0,71312.0,10.0,71276.0,56000.0,71314.5,6450.0,71275.0,1180.0,71315.0,2380.0,71274.5,1630.0,71320.0,35660.0,71271.5,74800.0,71321.5,10000.0,71267.5,15000.0,71326.5,10.0,71266.0,5400.0,71329.0,10.0,71265.5,600.0,71330.0,600.0,71262.0,990.0,71330.5,35670.0,71261.5,110120.0,71332.0,1890.0,71260.0,35630.0,71332.5,2050.0,71259.5,21520.0,71336.5,8890.0,71258.5,134390.0,71337.0,16800.0,71257.0,1470.0,71337.5,106610.0,71253.5,85620.0,71339.0,71330.0,71249.5,200.0,71343.0,200.0,71249.0,10.0,71345.0,100.0,71248.5,24310.0
1711929639,71296.5,700510.0,71296.0,3500.0,71297.0,80000.0,71292.0,1530.0,71299.0,9960.0,71290.0,5090.0,71301.0,10.0,71289.0,1130.0,71302.5,430.0,71288.0,12500.0,71307.0,4300.0,71285.0,610.0,71307.5,1210.0,71283.0,8960.0,71308.0,1520.0,71280.0,16120.0,71312.0,10.0,71276.5,9960.0,71314.5,6450.0,71276.0,56000.0,71315.0,2380.0,71275.0,1180.0,71320.0,45660.0,71274.5,1630.0,71326.5,10.0,71271.5,74800.0,71327.0,71320.0,71270.5,20400.0,71329.0,10.0,71265.5,600.0,71330.0,600.0,71264.0,7040.0,71330.5,35670.0,71262.5,100120.0,71332.0,1890.0,71262.0,990.0,71332.5,2050.0,71260.0,35630.0,71336.5,8890.0,71259.5,21520.0,71337.0,16800.0,71258.5,134390.0,71337.5,106610.0,71257.0,1470.0,71343.0,200.0,71253.5,50000.0,71343.5,100.0,71250.0,24210.0,71346.0,100.0,71249.5,12310.0
1711929640,71296.5,700510.0,71296.0,3500.0,71298.5,80000.0,71292.0,1530.0,71299.0,9960.0,71290.0,5090.0,71301.0,10.0,71289.0,1130.0,71302.5,430.0,71288.0,12500.0,71307.0,4300.0,71285.0,610.0,71307.5,1210.0,71283.0,8960.0,71308.0,1520.0,71280.0,16120.0,71312.0,10.0,71276.5,9960.0,71314.5,6450.0,71276.0,56000.0,71315.0,2380.0,71275.0,1180.0,71320.0,35660.0,71274.5,1630.0,71322.0,10000.0,71271.5,74800.0,71326.5,10.0,71270.5,20400.0,71327.0,71320.0,71269.5,600.0,71329.0,10.0,71264.0,7040.0,71330.0,600.0,71262.5,100120.0,71330.5,35670.0,71262.0,10990.0,71332.0,1890.0,71260.0,63060.0,71332.5,2050.0,71259.5,21520.0,71336.5,8890.0,71258.5,134390.0,71337.0,16800.0,71257.0,1470.0,71337.5,106610.0,71256.5,23880.0,71343.0,200.0,71255.5,35620.0,71344.5,100.0,71254.0,24210.0
1711929641,71296.5,700510.0,71296.0,3710.0,71297.0,90.0,71290.0,5090.0,71298.5,80000.0,71289.0,1130.0,71299.0,9960.0,71288.0,12500.0,71301.0,10.0,71285.0,610.0,71302.5,430.0,71283.0,8960.0,71307.0,4300.0,71280.0,16120.0,71307.5,1210.0,71276.5,9960.0,71308.0,1520.0,71276.0,56000.0,71312.0,10.0,71274.5,1630.0,71314.5,6450.0,71271.5,74800.0,71315.0,2380.0,71270.5,5400.0,71319.0,10000.0,71269.5,600.0,71320.0,35660.0,71262.5,100120.0,71326.5,10.0,71262.0,990.0,71327.0,71320.0,71260.0,63060.0,71329.0,10.0,71259.5,21520.0,71330.0,600.0,71258.5,134390.0,71330.5,35670.0,71257.0,1470.0,71332.0,1890.0,71256.5,23880.0,71332.5,2050.0,71253.5,50000.0,71336.5,8890.0,71251.0,24210.0,71337.0,16800.0,71249.5,2200.0,71337.5,106610.0,71249.0,10.0,71343.0,200.0,71248.5,12210.0
1711929642,71296.5,784970.0,71296.0,650.0,71297.0,90.0,71290.0,5090.0,71299.0,9960.0,71289.0,1130.0,71301.0,10.0,71288.0,12500.0,71302.5,430.0,71285.0,610.0,71307.5,1210.0,71283.0,8960.0,71308.0,1520.0,71280.0,4430.0,71312.0,10.0,71276.0,56000.0,71314.5,16450.0,71274.5,2800.0,71315.0,2380.0,71272.0,9960.0,71318.0,2020.0,71265.0,3320.0,71320.0,35660.0,71264.5,990.0,71324.5,10000.0,71260.0,27430.0,71326.5,10.0,71259.5,21520.0,71327.0,71320.0,71258.5,134390.0,71329.0,35670.0,71258.0,100120.0,71330.0,600.0,71257.0,1470.0,71332.0,1890.0,71256.5,23880.0,71334.0,36530.0,71255.5,2000.0,71336.5,8890.0,71249.5,200.0,71337.0,16800.0,71249.0,10.0,71337.5,106610.0,71248.5,100.0,71343.0,200.0,71248.0,19160.0,71343.5,27430.0,71247.5,24210.0,71345.0,100.0,71246.0,15000.0
1711929643,71296.5,784140.0,71296.0,240.0,71297.0,90.0,71290.0,5090.0,71299.0,9960.0,71289.0,1130.0,71301.0,10.0,71288.0,12500.0,71302.5,430.0,71285.0,610.0,71307.5,1210.0,71283.0,8960.0,71308.0,1520.0,71280.0,4430.0,71312.0,10.0,71276.0,56000.0,71314.5,6450.0,71274.5,2800.0,71315.0,2380.0,71272.0,9960.0,71315.5,10000.0,71265.0,3320.0,71318.0,2020.0,71264.5,990.0,71319.5,10000.0,71263.0,600.0,71320.0,35660.0,71261.0,70250.0,71326.5,10.0,71260.5,100120.0,71327.0,71320.0,71260.0,27430.0,71329.0,35670.0,71259.5,21520.0,71330.0,600.0,71258.5,170020.0,71332.0,1890.0,71257.0,1470.0,71334.0,36530.0,71256.5,23880.0,71336.5,8890.0,71256.0,50000.0,71337.0,16800.0,71255.0,2000.0,71337.5,106610.0,71249.5,200.0,71339.0,71060.0,71249.0,10.0,71343.0,200.0,71248.5,100.0
1711929644,71290.5,277220.0,71290.0,6120.0,71292.5,73100.0,71289.0,1130.0,71293.0,122460.0,71288.0,12500.0,71296.0,73100.0,71285.5,13400.0,71296.5,561140.0,71285.0,610.0,71297.0,90.0,71283.0,8960.0,71298.5,43490.0,71280.0,4430.0,71301.0,10.0,71279.5,5090.0,71307.5,1210.0,71277.0,1210.0,71308.0,1520.0,71276.0,56000.0,71308.5,35650.0,71274.5,1630.0,71312.0,10.0,71272.0,9960.0,71314.0,10000.0,71265.0,5400.0,71314.5,6450.0,71264.5,990.0,71318.0,2020.0,71263.0,2130.0,71319.5,10000.0,71261.0,80250.0,71326.5,10.0,71260.5,100120.0,71327.0,71320.0,71260.0,27430.0,71329.0,35670.0,71259.5,21520.0,71330.0,600.0,71258.5,170020.0,71332.0,1890.0,71256.5,23880.0,71333.0,200.0,71251.0,7040.0,71334.0,36530.0,71250.5,2000.0,71336.5,8890.0,71249.0,10.0,71337.0,16800.0,71248.5,100.0
1711929645,71283.5,270710.0,71283.0,27030.0,71286.5,32500.0,71280.5,5090.0,71290.0,77770.0,71276.0,56000.0,71290.5,94740.0,71275.0,1190.0,71292.5,73100.0,71274.5,1630.0,71293.0,9960.0,71272.0,610.0,71296.0,73100.0,71264.0,12460.0,71296.5,554750.0,71263.0,600.0,71297.0,90.0,71261.5,990.0,71298.5,43490.0,71261.0,610.0,71301.0,10.0,71260.5,1520.0,71308.5,35650.0,71260.0,5400.0,71312.0,10.0,71259.5,10000.0,71313.0,56000.0,71258.5,170020.0,71313.5,10000.0,71256.5,23880.0,71314.5,6450.0,71253.5,240.0,71318.0,2020.0,71252.0,103400.0,71319.5,10000.0,71251.0,7040.0,71320.0,16800.0,71250.0,610.0,71323.5,240.0,71249.0,10.0,71325.0,200.0,71248.0,19160.0,71326.5,620.0,71246.0,17000.0,71327.0,71320.0,71241.5,24410.0,71329.0,35670.0,71241.0,24220.0,71330.0,600.0,71240.5,85620.0
1711929646,71283.5,273390.0,71283.0,14140.0,71286.5,32500.0,71280.5,5090.0,71290.0,157770.0,71276.0,56660.0,71290.5,14740.0,71275.0,1190.0,71292.5,73100.0,71274.5,1630.0,71293.0,9960.0,71272.0,610.0,71296.0,73100.0,71264.5,990.0,71296.5,554750.0,71264.0,17860.0,71297.0,90.0,71263.0,600.0,71301.0,10.0,71261.0,610.0,71308.5,35650.0,71260.5,1520.0,71312.0,10010.0,71258.5,170020.0,71313.0,56000.0,71256.5,94000.0,71314.5,6450.0,71255.0,10000.0,71316.5,71310.0,71252.0,3280.0,71318.0,2020.0,71251.0,57040.0,71319.5,10000.0,71250.0,610.0,71320.0,16800.0,71249.0,10.0,71323.5,240.0,71248.0,19160.0,71325.0,200.0,71246.0,17000.0,71326.5,620.0,71241.5,124530.0,71329.0,35670.0,71240.5,85620.0,71330.0,600.0,71235.0,24320.0,71331.0,100.0,71234.5,12110.0,71331.5,100.0,71234.0,18280.0
1711929647,71283.5,200290.0,71283.0,6810.0,71284.5,73100.0,71280.5,5090.0,71285.0,80000.0,71276.0,56660.0,71286.5,32500.0,71275.5,7510.0,71287.5,9960.0,71275.0,1190.0,71290.0,77770.0,71274.5,1630.0,71290.5,14740.0,71272.0,610.0,71296.0,73100.0,71262.0,9960.0,71296.5,554750.0,71261.0,610.0,71297.0,90.0,71260.5,1520.0,71301.0,10.0,71259.0,990.0,71308.5,45650.0,71258.5,139790.0,71312.0,10.0,71255.5,35630.0,71313.0,56000.0,71254.5,70550.0,71316.5,71310.0,71253.5,10000.0,71318.0,2020.0,71253.0,100110.0,71319.5,10000.0,71252.0,3280.0,71320.0,16800.0,71250.0,610.0,71323.5,240.0,71249.0,27440.0,71325.0,200.0,71247.5,50000.0,71326.5,36280.0,71246.0,17000.0,71327.5,8890.0,71241.5,200.0,71329.0,10.0,71240.5,50000.0,71330.0,600.0,71237.5,24210.0,71331.0,100.0,71237.0,12110.0
1711929648,71283.5,353390.0,71283.0,6370.0,71286.0,73100.0,71280.5,5090.0,71286.5,32500.0,71276.0,56660.0,71287.5,9960.0,71275.5,7510.0,71290.0,77770.0,71274.5,2810.0,71290.5,14740.0,71272.0,610.0,71296.0,73100.0,71264.0,13130.0,71296.5,554750.0,71262.0,9960.0,71297.0,90.0,71261.0,610.0,71301.0,10.0,71260.0,1460.0,71308.5,35650.0,71258.5,134390.0,71309.0,10000.0,71255.0,71790.0,71312.0,10.0,71253.5,35630.0,71313.0,56000.0,71253.0,105510.0,71316.5,71310.0,71252.0,3280.0,71318.0,2020.0,71250.0,610.0,71319.5,10000.0,71249.0,27440.0,71320.0,16800.0,71246.0,17000.0,71323.5,240.0,71245.5,50000.0,71324.5,35660.0,71241.5,200.0,71325.0,200.0,71240.5,50000.0,71326.5,620.0,71235.5,12110.0,71327.5,8890.0,71235.0,24210.0,71328.0,70700.0,71234.5,12210.0,71329.0,10.0,71234.0,28410.0
1711929649,71276.5,268610.0,71276.0,6780.0,71277.0,73100.0,71275.5,7510.0,71277.5,32500.0,71274.5,1630.0,71280.5,4460.0,71272.5,13400.0,71281.5,430.0,71272.0,610.0,71283.0,73100.0,71270.0,5090.0,71283.5,82680.0,71264.0,56000.0,71287.5,9960.0,71262.5,990.0,71290.0,73100.0,71262.0,9960.0,71290.5,14310.0,71261.0,610.0,71296.5,481550.0,71258.5,134390.0,71297.0,90.0,71257.0,6000.0,71301.0,10.0,71255.0,71790.0,71306.0,10000.0,71254.0,35630.0,71308.5,35650.0,71252.0,3280.0,71312.0,10.0,71251.0,10000.0,71313.0,56000.0,71250.0,610.0,71316.5,71310.0,71249.0,27440.0,71317.5,200.0,71246.0,15000.0,71318.0,2020.0,71241.5,2000.0,71319.5,10000.0,71240.5,50000.0,71320.0,16800.0,71236.5,36320.0,71323.5,340.0,71236.0,12110.0,71324.0,100.0,71235.0,12310.0,71324.5,35660.0,71234.0,100110.0
1711929650,71276.5,138790.0,71276.0,37420.0,71277.5,32500.0,71275.5,7510.0,71279.0,24220.0,71274.5,1630.0,71280.5,4460.0,71272.0,610.0,71283.0,73100.0,71270.0,5090.0,71283.5,3280.0,71269.0,1220.0,71284.5,80000.0,71266.0,5200.0,71287.5,9960.0,71265.5,5070.0,71290.0,73100.0,71265.0,5100.0,71290.5,13710.0,71264.5,9760.0,71296.5,481550.0,71264.0,56990.0,71297.0,90.0,71262.0,9960.0,71301.0,10.0,71261.0,610.0,71307.0,10000.0,71260.0,12760.0,71308.5,35650.0,71258.5,134390.0,71312.0,10.0,71257.0,600.0,71313.0,56000.0,71255.0,71790.0,71316.5,71310.0,71254.5,1510.0,71317.5,200.0,71254.0,35630.0,71318.0,2020.0,71252.0,13280.0,71319.5,10000.0,71250.0,610.0,71320.0,16800.0,71249.0,27440.0,71323.5,340.0,71248.0,150110.0,71324.0,100.0,71247.5,23880.0,71324.5,35660.0,71246.0,15000.0
1711929651,71276.5,268610.0,71276.0,24370.0,71280.5,4460.0,71275.5,7510.0,71282.5,430.0,71274.5,1630.0,71283.0,73100.0,71272.0,610.0,71283.5,2680.0,71270.0,5090.0,71284.5,80000.0,71267.5,11160.0,71286.5,600.0,71264.5,4430.0,71290.0,73100.0,71264.0,56000.0,71290.5,13710.0,71262.5,990.0,71293.0,9960.0,71261.0,610.0,71296.5,481550.0,71260.0,18160.0,71297.0,90.0,71258.5,134390.0,71301.0,10.0,71257.0,600.0,71306.5,10000.0,71255.0,71790.0,71308.5,35650.0,71254.0,35630.0,71312.0,10.0,71253.0,1480.0,71313.0,56000.0,71252.0,3280.0,71316.5,71310.0,71250.5,10000.0,71317.5,200.0,71250.0,610.0,71318.0,2020.0,71249.0,27440.0,71319.5,10000.0,71248.0,100110.0,71320.0,16800.0,71247.5,23880.0,71323.5,100.0,71246.0,15000.0,71324.0,100.0,71244.0,7040.0,71324.5,35660.0,71243.0,2640.0
1711929652,71276.5,628870.0,71276.0,20780.0,71278.5,80000.0,71275.5,7510.0,71280.5,430.0,71274.5,1630.0,71283.0,24220.0,71272.0,610.0,71283.5,2680.0,71270.0,5090.0,71290.5,13710.0,71268.0,9960.0,71291.0,600.0,71265.0,1180.0,71293.5,9960.0,71264.5,4430.0,71296.0,12120.0,71264.0,56000.0,71296.5,1850.0,71262.5,990.0,71297.0,90.0,71261.0,610.0,71301.0,10.0,71260.0,600.0,71304.0,10000.0,71258.5,134390.0,71305.5,12120.0,71254.0,35630.0,71308.5,35650.0,71250.5,1500.0,71312.0,10.0,71250.0,610.0,71313.0,56000.0,71249.0,27440.0,71316.5,71310.0,71247.0,50000.0,71317.5,200.0,71246.0,15000.0,71318.0,2020.0,71244.0,7040.0,71319.5,10000.0,71243.0,2640.0,71320.0,16800.0,71242.0,3240.0,71324.5,35660.0,71241.5,2000.0,71326.5,620.0,71240.5,50000.0,71329.0,10.0,71238.0,24210.0
1711929653,71276.5,661470.0,71276.0,24620.0,71278.0,80000.0,71275.5,7510.0,71282.0,24220.0,71274.5,1630.0,71282.5,430.0,71272.0,610.0,71283.5,2680.0,71270.0,5090.0,71286.5,9960.0,71268.0,9960.0,71290.5,13710.0,71264.5,4430.0,71291.0,600.0,71264.0,56990.0,71296.5,1850.0,71261.0,610.0,71297.0,90.0,71260.0,600.0,71301.0,10.0,71259.0,5400.0,71306.0,10000.0,71258.5,134390.0,71308.5,35650.0,71255.5,71510.0,71312.0,10.0,71254.0,35630.0,71312.5,240.0,71250.0,610.0,71313.0,56000.0,71249.5,10000.0,71316.5,71310.0,71249.0,27440.0,71317.5,200.0,71247.5,10000.0,71318.0,2020.0,71246.0,15000.0,71320.0,16800.0,71244.0,7040.0,71323.5,100.0,71243.0,2640.0,71324.0,100.0,71242.0,3240.0,71324.5,35660.0,71241.5,2000.0,71326.5,620.0,71241.0,36320.0,71329.0,10.0,71240.5,50000.0
1711929654,71276.5,629930.0,71276.0,24620.0,71283.0,35680.0,71275.5,7510.0,71283.5,2680.0,71274.5,1630.0,71286.5,24220.0,71272.0,610.0,71287.0,80000.0,71270.0,5090.0,71290.5,13710.0,71268.0,9960.0,71291.0,9960.0,71266.0,5120.0,71296.5,1850.0,71265.5,5090.0,71297.0,90.0,71265.0,5260.0,71300.0,35650.0,71264.5,9730.0,71301.0,10.0,71264.0,70760.0,71306.5,10000.0,71262.0,1170.0,71309.0,2350.0,71261.0,610.0,71312.0,10.0,71260.0,600.0,71313.0,56000.0,71258.5,134390.0,71316.5,71310.0,71255.5,71510.0,71317.5,200.0,71254.0,35630.0,71318.0,2020.0,71250.0,610.0,71320.0,16800.0,71249.0,37440.0,71323.5,100.0,71248.5,100110.0,71324.0,100.0,71247.5,11490.0,71324.5,35660.0,71246.5,24210.0,71326.5,620.0,71246.0,15000.0,71329.0,10.0,71244.0,7040.0,71329.5,100.0,71243.5,12110.0
1711929655,71276.5,629310.0,71276.0,25230.0,71283.0,35680.0,71275.5,7510.0,71283.5,2680.0,71274.5,1630.0,71286.5,24220.0,71272.0,610.0,71287.0,80000.0,71270.0,5090.0,71290.5,13710.0,71266.0,5300.0,71291.0,9960.0,71265.5,5300.0,71291.5,600.0,71265.0,5200.0,71296.5,1850.0,71264.5,9510.0,71297.0,90.0,71264.0,67590.0,71300.0,35650.0,71262.0,1170.0,71301.0,10.0,71261.0,610.0,71307.0,10000.0,71260.5,10000.0,71309.0,2350.0,71258.5,134390.0,71312.0,10.0,71254.0,35630.0,71313.0,56000.0,71251.0,50000.0,71316.5,71310.0,71250.0,610.0,71317.5,200.0,71249.0,27440.0,71318.0,2020.0,71248.5,100110.0,71320.0,16800.0,71247.5,1490.0,71323.5,100.0,71246.0,15000.0,71324.0,100.0,71245.0,24210.0,71324.5,35660.0,71244.0,7040.0,71326.5,620.0,71243.5,12110.0,71327.0,27430.0,71243.0,2640.0
1711929656,71282.5,36340.0,71282.0,149670.0,71290.0,35680.0,71281.0,5400.0,71290.5,1710.0,71280.0,9940.0,71296.0,24220.0,71279.5,32500.0,71296.5,1850.0,71277.0,14920.0,71297.0,90.0,71276.5,5080.0,71299.0,80000.0,71276.0,5190.0,71301.0,10.0,71275.5,7510.0,71305.0,9960.0,71275.0,5270.0,71312.0,10.0,71274.5,1630.0,71318.0,2020.0,71272.5,3540.0,71320.0,16800.0,71272.0,70470.0,71324.0,200.0,71271.0,5090.0,71326.5,620.0,71269.0,1000.0,71328.5,56000.0,71267.0,1490.0,71329.0,10.0,71265.5,50000.0,71329.5,100.0,71264.0,57590.0,71330.0,700.0,71263.0,10000.0,71330.5,35670.0,71262.0,1170.0,71333.0,35660.0,71261.0,610.0,71336.5,100.0,71260.0,35630.0,71337.5,610.0,71258.5,134390.0,71345.0,80230.0,71258.0,12110.0,71348.5,610.0,71257.5,24210.0,71352.0,10.0,71257.0,12110.0
1711929657,71282.5,42380.0,71282.0,135290.0,71286.0,1220.0,71280.0,4690.0,71290.0,35680.0,71278.0,5130.0,71290.5,1710.0,71277.5,5280.0,71296.0,24220.0,71277.0,5200.0,71296.5,1850.0,71276.5,5080.0,71297.0,90.0,71276.0,21620.0,71298.5,4330.0,71275.5,7510.0,71299.0,80000.0,71274.5,1630.0,71299.5,9960.0,71272.5,3540.0,71301.0,1950.0,71272.0,70470.0,71305.5,3270.0,71269.0,1000.0,71312.0,4590.0,71264.0,57590.0,71318.0,2020.0,71262.0,1170.0,71320.0,16800.0,71261.5,1510.0,71324.0,200.0,71261.0,610.0,71326.5,620.0,71260.0,35630.0,71328.5,56000.0,71259.5,10000.0,71329.0,10.0,71258.5,134390.0,71329.5,100.0,71258.0,50000.0,71330.0,700.0,71257.5,10000.0,71330.5,35670.0,71256.5,24210.0,71331.5,12940.0,71256.0,40000.0,71333.0,42150.0,71253.0,12110.0,71337.0,100.0,71252.5,24220.0
1711929658,71282.5,42380.0,71282.0,124730.0,71284.0,1530.0,71281.5,56000.0,71286.0,1220.0,71280.0,4690.0,71286.5,35680.0,71277.5,5080.0,71287.0,73000.0,71277.0,5200.0,71290.0,24220.0,71276.5,20440.0,71290.5,1710.0,71276.0,15000.0,71295.0,3230.0,71275.5,7510.0,71295.5,80000.0,71274.5,1630.0,71296.0,1940.0,71272.5,14240.0,71296.5,1850.0,71272.0,610.0,71297.0,90.0,71269.0,1000.0,71298.5,4330.0,71266.0,50000.0,71299.5,9960.0,71264.0,1590.0,71301.0,10.0,71262.0,1170.0,71307.0,600.0,71261.0,610.0,71312.0,4590.0,71260.5,3180.0,71316.0,6460.0,71260.0,35630.0,71318.0,2020.0,71258.5,134390.0,71320.0,16800.0,71256.5,7040.0,71324.0,200.0,71256.0,40000.0,71326.5,620.0,71254.5,100110.0,71328.5,56000.0,71253.0,24210.0,71329.0,10.0,71252.5,12110.0,71329.5,100.0,71252.0,50000.0
1711929659,71282.5,74880.0,71282.0,23260.0,71285.0,35680.0,71281.5,56000.0,71286.0,1220.0,71280.0,4690.0,71289.5,430.0,71277.0,5290.0,71290.0,24220.0,71276.5,9960.0,71290.5,1710.0,71275.5,7510.0,71295.0,3230.0,71274.5,1630.0,71295.5,80000.0,71272.5,8970.0,71296.5,3790.0,71272.0,610.0,71297.0,90.0,71271.5,1180.0,71298.5,4330.0,71269.0,6280.0,71299.5,9960.0,71268.5,5330.0,71301.0,10.0,71268.0,5200.0,71302.5,600.0,71267.5,71150.0,71312.0,4590.0,71264.0,1590.0,71316.0,6460.0,71262.0,1170.0,71318.0,2020.0,71261.0,610.0,71320.0,16800.0,71260.5,3180.0,71324.0,200.0,71260.0,35630.0,71326.5,620.0,71258.5,134390.0,71328.5,56000.0,71256.5,7040.0,71329.0,10.0,71256.0,90000.0,71329.5,100.0,71254.5,100110.0,71330.0,700.0,71253.0,24210.0,71330.5,35670.0,71252.0,50000.0
1711929660,71282.5,51800.0,71282.0,92500.0,71286.0,1220.0,71281.5,56000.0,71288.0,35680.0,71280.0,4690.0,71288.5,24220.0,71277.0,15930.0,71290.5,1710.0,71276.5,9960.0,71295.0,3230.0,71275.5,7510.0,71295.5,80000.0,71275.0,5400.0,71296.5,3790.0,71274.5,1630.0,71297.0,90.0,71272.5,8970.0,71298.5,4330.0,71272.0,610.0,71301.0,10.0,71271.5,16180.0,71302.5,600.0,71269.0,6280.0,71312.0,4590.0,71268.5,5330.0,71316.0,6460.0,71268.0,5200.0,71318.0,2020.0,71267.5,121150.0,71320.0,16800.0,71264.0,1590.0,71324.0,200.0,71262.0,52480.0,71326.5,620.0,71261.0,610.0,71328.5,56000.0,71260.5,3180.0,71329.0,10.0,71260.0,35630.0,71329.5,100.0,71259.0,10000.0,71330.0,700.0,71258.5,134390.0,71330.5,35670.0,71256.5,7040.0,71331.5,12940.0,71256.0,40000.0,71333.0,35660.0,71255.0,50000.0
1711929661,71282.5,51800.0,71282.0,92130.0,71283.0,90.0,71281.5,56000.0,71286.0,1220.0,71280.0,4690.0,71287.0,59900.0,71277.0,15930.0,71288.0,430.0,71276.5,9960.0,71290.5,1710.0,71275.5,7510.0,71295.0,3230.0,71275.0,5400.0,71295.5,80000.0,71274.5,1630.0,71296.5,3790.0,71272.5,8970.0,71298.5,4330.0,71272.0,610.0,71301.0,10.0,71271.5,16180.0,71302.5,600.0,71269.0,6280.0,71312.0,4590.0,71268.5,5330.0,71315.5,10000.0,71268.0,5200.0,71316.0,6460.0,71267.5,71150.0,71318.0,2020.0,71267.0,50000.0,71320.0,16800.0,71264.0,1590.0,71324.0,200.0,71262.0,52480.0,71326.5,620.0,71261.0,610.0,71328.5,56000.0,71260.5,3180.0,71329.0,10.0,71260.0,35630.0,71329.5,100.0,71259.0,10000.0,71330.0,700.0,71258.5,134390.0,71330.5,35670.0,71256.5,7040.0,71331.5,12940.0,71256.0,40000.0
1711929662,71282.5,82020.0,71282.0,125080.0,71283.0,90.0,71281.5,56000.0,71286.0,74220.0,71280.0,4690.0,71287.0,35680.0,71277.0,15930.0,71290.0,24220.0,71276.5,9960.0,71290.5,1710.0,71275.5,7510.0,71295.0,3230.0,71275.0,5400.0,71295.5,80000.0,71274.5,1630.0,71296.5,3790.0,71273.5,5430.0,71298.5,4330.0,71272.5,3540.0,71301.0,10.0,71272.0,610.0,71302.5,600.0,71271.5,16180.0,71312.0,4590.0,71269.0,6280.0,71316.0,6460.0,71268.5,5330.0,71318.0,2020.0,71268.0,5200.0,71320.0,16800.0,71267.5,71150.0,71324.0,200.0,71266.5,50000.0,71326.5,620.0,71264.0,1590.0,71328.5,56000.0,71262.0,52480.0,71329.0,10.0,71261.0,610.0,71329.5,100.0,71260.5,3180.0,71330.0,700.0,71260.0,35630.0,71330.5,35670.0,71259.0,10000.0,71331.5,12940.0,71258.5,134390.0,71333.0,35660.0,71256.5,7040.0
1711929663,71282.5,216220.0,71282.0,18710.0,71283.0,90.0,71281.5,56000.0,71285.5,73000.0,71275.5,7510.0,71286.0,1220.0,71274.5,7060.0,71287.5,80000.0,71272.0,610.0,71288.5,430.0,71269.5,9960.0,71290.5,1710.0,71269.0,1000.0,71294.5,9960.0,71264.0,600.0,71295.0,3230.0,71263.0,990.0,71296.5,1850.0,71262.5,5330.0,71298.5,4930.0,71262.0,1170.0,71300.0,4650.0,71261.5,5190.0,71301.0,10.0,71261.0,5850.0,71311.5,10000.0,71260.5,8480.0,71312.0,10.0,71259.5,72040.0,71316.0,6460.0,71258.5,134390.0,71318.0,2020.0,71256.0,77630.0,71320.0,16800.0,71252.5,50000.0,71324.0,200.0,71250.0,610.0,71326.5,36280.0,71249.0,10.0,71328.5,56000.0,71248.5,2180.0,71329.0,10.0,71247.5,1490.0,71329.5,100.0,71246.0,15000.0,71330.0,700.0,71244.5,24210.0,71331.5,12940.0,71241.0,36330.0
1711929664,71282.5,218200.0,71282.0,18260.0,71283.0,90.0,71281.5,56000.0,71285.5,73000.0,71275.5,12940.0,71286.0,1220.0,71274.5,1630.0,71287.0,74990.0,71272.0,610.0,71287.5,80000.0,71269.0,1000.0,71288.5,430.0,71264.0,600.0,71290.5,1710.0,71263.0,990.0,71294.0,600.0,71262.5,5330.0,71294.5,9960.0,71262.0,1170.0,71295.0,3230.0,71261.5,5190.0,71296.5,1850.0,71261.0,5850.0,71298.5,4330.0,71260.5,8480.0,71300.0,4650.0,71259.5,2950.0,71301.0,10.0,71258.5,134390.0,71312.0,10.0,71256.0,77630.0,71312.5,10000.0,71250.5,80840.0,71316.0,6460.0,71250.0,610.0,71318.0,2020.0,71249.0,10.0,71320.0,16800.0,71248.5,2180.0,71323.0,35660.0,71247.5,1490.0,71324.0,200.0,71246.0,15000.0,71326.5,36280.0,71242.5,24210.0,71328.5,56000.0,71242.0,50000.0,71329.0,10.0,71241.5,12110.0
1711929665,71282.5,218200.0,71282.0,18530.0,71283.0,90.0,71281.5,56000.0,71285.0,4410.0,71275.5,12940.0,71285.5,73000.0,71274.5,1630.0,71286.0,1220.0,71272.0,610.0,71286.5,73000.0,71269.0,1000.0,71287.0,74990.0,71268.5,13510.0,71287.5,80000.0,71268.0,600.0,71288.5,430.0,71263.0,990.0,71290.5,1710.0,71262.5,5330.0,71294.0,600.0,71262.0,1170.0,71294.5,9960.0,71261.5,5190.0,71295.0,3230.0,71261.0,5850.0,71296.5,1850.0,71260.5,8480.0,71300.0,4650.0,71259.5,2950.0,71301.0,10.0,71258.5,134390.0,71312.0,10010.0,71256.0,77630.0,71316.0,6460.0,71255.0,27430.0,71318.0,2020.0,71254.5,100110.0,71320.0,16800.0,71250.5,70840.0,71323.0,35660.0,71250.0,610.0,71324.0,200.0,71249.0,10.0,71326.5,36280.0,71248.5,52180.0,71328.5,56000.0,71247.5,1490.0,71329.0,69540.0,71246.0,15000.0
1711929666,71282.5,218200.0,71282.0,6260.0,71283.0,90.0,71281.5,56000.0,71285.0,77310.0,71275.5,12940.0,71285.5,156340.0,71274.5,1630.0,71286.0,1220.0,71272.0,610.0,71286.5,73000.0,71269.0,1000.0,71287.0,1990.0,71268.0,600.0,71288.5,10390.0,71265.5,15360.0,71290.5,1710.0,71261.0,610.0,71294.0,600.0,71260.5,5150.0,71296.5,1850.0,71260.0,7410.0,71300.0,4650.0,71259.5,8090.0,71301.0,10.0,71259.0,5240.0,71302.5,2290.0,71258.5,134390.0,71308.5,10000.0,71256.0,42000.0,71312.0,10.0,71250.5,70840.0,71316.0,6460.0,71250.0,36230.0,71320.0,16800.0,71249.0,10.0,71320.5,35660.0,71247.5,10000.0,71323.0,35660.0,71246.5,7040.0,71324.0,200.0,71246.0,15000.0,71324.5,50000.0,71244.0,100110.0,71326.5,620.0,71242.0,50000.0,71328.5,56000.0,71240.5,200.0,71329.0,69540.0,71239.5,24210.0
1711929667,71282.5,217720.0,71282.0,6730.0,71283.0,90.0,71281.5,56000.0,71285.0,77310.0,71275.5,12940.0,71285.5,156340.0,71274.5,1630.0,71286.0,1220.0,71272.0,610.0,71286.5,73000.0,71269.0,1000.0,71287.0,1990.0,71268.0,600.0,71288.5,10390.0,71265.5,15360.0,71290.5,1710.0,71264.0,11160.0,71294.0,600.0,71261.0,1600.0,71296.5,1850.0,71260.5,5150.0,71300.0,4650.0,71260.0,6420.0,71301.0,10.0,71259.5,8090.0,71302.5,2290.0,71259.0,5240.0,71308.5,10000.0,71258.5,134390.0,71312.0,10.0,71256.0,42000.0,71313.5,56000.0,71254.0,100100.0,71315.5,35650.0,71250.5,70840.0,71316.0,6460.0,71250.0,36230.0,71320.0,16800.0,71249.5,10000.0,71320.5,35660.0,71249.0,10.0,71324.0,200.0,71246.5,7040.0,71324.5,50000.0,71246.0,15000.0,71326.5,620.0,71245.0,1500.0,71329.0,69540.0,71243.5,50000.0
1711929668,71275.0,276190.0,71274.5,7290.0,71276.0,80000.0,71272.0,610.0,71277.0,9960.0,71269.0,1000.0,71278.0,72900.0,71264.5,990.0,71278.5,72900.0,71261.0,610.0,71279.0,32500.0,71260.5,5400.0,71282.0,79180.0,71259.0,4640.0,71282.5,82910.0,71258.5,134390.0,71283.0,90.0,71257.5,56000.0,71285.0,73500.0,71256.5,600.0,71285.5,3340.0,71255.5,9960.0,71286.0,1220.0,71251.0,3180.0,71287.5,2880.0,71250.0,610.0,71290.5,1710.0,71249.0,10.0,71296.5,1850.0,71247.0,10000.0,71297.0,2900.0,71246.5,50000.0,71298.0,10000.0,71246.0,137420.0,71300.0,4650.0,71241.5,35620.0,71301.0,10.0,71236.5,1520.0,71312.0,10.0,71234.5,200.0,71312.5,35660.0,71233.5,600.0,71313.5,56000.0,71229.5,36320.0,71314.0,8890.0,71229.0,24220.0,71315.0,200.0,71228.0,50000.0,71315.5,35650.0,71227.0,100110.0
1711929669,71275.0,306180.0,71274.5,7290.0,71276.0,80000.0,71272.0,610.0,71277.0,9960.0,71269.0,1000.0,71278.5,72900.0,71261.0,610.0,71279.0,32500.0,71260.5,5400.0,71282.0,79180.0,71259.0,5630.0,71282.5,82910.0,71258.5,142810.0,71283.0,90.0,71257.5,56000.0,71285.0,73500.0,71256.5,600.0,71285.5,3340.0,71255.5,9960.0,71286.0,1220.0,71255.0,12600.0,71287.5,2880.0,71251.0,3180.0,71290.5,1710.0,71250.5,15000.0,71296.5,1490.0,71250.0,610.0,71297.0,2900.0,71249.0,10.0,71297.5,10000.0,71247.0,10000.0,71300.0,4650.0,71246.0,72420.0,71301.0,10.0,71244.0,50000.0,71308.0,35650.0,71241.5,35620.0,71312.0,10.0,71237.0,50000.0,71312.5,35660.0,71236.5,1520.0,71313.5,56000.0,71234.5,200.0,71314.0,8890.0,71233.5,600.0,71315.0,200.0,71233.0,100110.0,71316.0,6460.0,71230.0,12110.0
1711929670,71275.0,273170.0,71274.5,7650.0,71276.0,80000.0,71272.0,610.0,71277.0,9960.0,71269.0,1000.0,71278.5,72900.0,71261.0,610.0,71279.0,32500.0,71260.0,5400.0,71279.5,430.0,71259.0,5630.0,71282.0,79180.0,71258.5,142810.0,71282.5,582910.0,71257.5,56000.0,71283.0,90.0,71256.5,600.0,71285.0,73500.0,71255.5,9960.0,71285.5,3340.0,71255.0,12600.0,71286.0,1220.0,71252.0,2000.0,71287.5,2880.0,71251.5,10000.0,71290.5,1710.0,71251.0,1180.0,71296.5,1490.0,71250.5,15000.0,71297.0,2900.0,71250.0,610.0,71297.5,10000.0,71249.0,10.0,71300.0,4650.0,71248.5,50000.0,71301.0,10.0,71246.5,23880.0,71308.0,35650.0,71246.0,72420.0,71312.0,10.0,71241.5,35620.0,71312.5,35660.0,71241.0,10000.0,71313.5,56000.0,71237.0,50000.0,71314.0,8890.0,71236.5,1520.0,71315.0,200.0,71234.5,200.0
1711929671,71275.0,272470.0,71274.5,12530.0,71276.0,80000.0,71272.0,610.0,71277.0,9960.0,71269.0,1000.0,71278.5,72900.0,71261.0,610.0,71279.0,32500.0,71260.0,5400.0,71279.5,430.0,71259.0,5630.0,71282.0,79180.0,71258.5,142810.0,71282.5,582910.0,71257.5,56000.0,71283.0,90.0,71256.5,600.0,71285.0,73500.0,71255.5,9960.0,71285.5,3340.0,71255.0,12600.0,71286.0,1220.0,71251.0,1180.0,71287.5,2880.0,71250.5,17000.0,71290.5,1710.0,71250.0,610.0,71296.5,1490.0,71249.0,10.0,71297.0,2900.0,71248.5,50000.0,71298.5,10000.0,71247.0,100110.0,71300.0,4650.0,71246.5,23880.0,71301.0,10.0,71246.0,122420.0,71308.0,35650.0,71241.5,35620.0,71312.0,10.0,71237.5,12110.0,71312.5,35660.0,71237.0,74210.0,71313.5,56000.0,71236.5,1520.0,71314.0,8890.0,71234.5,12310.0,71315.0,200.0,71234.0,12110.0
1711929672,71275.0,272470.0,71274.5,12780.0,71276.0,80000.0,71272.0,610.0,71278.5,72900.0,71269.0,1000.0,71279.0,32500.0,71261.5,5100.0,71279.5,430.0,71261.0,5700.0,71282.0,79180.0,71260.5,5920.0,71282.5,582910.0,71260.0,5400.0,71283.0,10050.0,71259.5,5210.0,71285.0,73500.0,71259.0,5630.0,71285.5,3340.0,71258.5,142810.0,71286.0,1220.0,71257.5,56000.0,71287.5,2880.0,71255.5,9960.0,71290.5,1710.0,71255.0,12600.0,71296.5,1490.0,71254.0,10000.0,71297.0,2900.0,71252.5,1510.0,71298.5,10000.0,71251.0,1180.0,71300.0,4650.0,71250.5,15000.0,71301.0,10.0,71250.0,610.0,71308.0,35650.0,71249.0,10.0,71312.0,10.0,71248.5,50000.0,71312.5,35660.0,71246.5,75880.0,71313.5,56000.0,71246.0,72420.0,71314.0,8890.0,71241.5,35620.0,71315.0,200.0,71240.5,100110.0,71316.0,6460.0,71237.5,7040.0
1711929673,71275.0,272470.0,71274.5,12780.0,71276.0,80000.0,71272.0,610.0,71278.5,72900.0,71269.0,1000.0,71279.0,32500.0,71267.0,990.0,71279.5,430.0,71264.5,6000.0,71282.0,79180.0,71262.0,5270.0,71282.5,582910.0,71261.5,9960.0,71283.0,9960.0,71261.0,610.0,71285.0,72900.0,71260.0,5110.0,71285.5,3340.0,71259.5,5220.0,71286.0,1220.0,71259.0,9790.0,71287.5,2880.0,71258.5,142810.0,71289.0,600.0,71258.0,15000.0,71290.5,1710.0,71257.5,56000.0,71296.5,1490.0,71252.5,1510.0,71297.0,2900.0,71251.0,1180.0,71300.0,4650.0,71250.0,610.0,71301.0,10010.0,71249.5,60000.0,71305.0,16800.0,71249.0,10.0,71308.0,35650.0,71248.5,50000.0,71312.0,10.0,71246.5,25880.0,71312.5,35660.0,71246.0,72420.0,71313.5,56000.0,71241.5,35620.0,71314.0,8890.0,71237.5,19150.0,71315.0,200.0,71237.0,24210.0
1711929674,71275.0,280840.0,71274.5,13050.0,71276.0,80000.0,71272.0,610.0,71278.5,72900.0,71269.0,1000.0,71279.0,32500.0,71264.5,5400.0,71279.5,430.0,71262.0,5190.0,71282.0,79180.0,71261.5,9960.0,71282.5,574530.0,71261.0,610.0,71283.0,9960.0,71260.0,5230.0,71285.0,72900.0,71259.5,5150.0,71285.5,3340.0,71259.0,10850.0,71286.0,1220.0,71258.5,142810.0,71287.5,2880.0,71257.5,56000.0,71289.0,600.0,71252.5,1510.0,71290.5,1710.0,71251.0,1180.0,71296.5,1490.0,71250.0,610.0,71297.0,2900.0,71249.0,10.0,71298.0,10000.0,71246.5,25880.0,71300.0,4650.0,71246.0,72420.0,71301.0,10.0,71243.5,10000.0,71305.0,16800.0,71241.5,35620.0,71308.0,35650.0,71240.5,100110.0,71312.0,10.0,71238.5,50000.0,71312.5,35660.0,71237.5,7040.0,71313.5,56000.0,71237.0,24210.0,71314.0,8890.0,71236.5,1520.0
1711929675,71275.0,115470.0,71274.5,17530.0,71277.5,24220.0,71272.0,610.0,71278.0,35680.0,71270.0,5230.0,71282.0,4320.0,71269.5,5330.0,71282.5,501530.0,71269.0,6200.0,71286.0,81220.0,71268.5,600.0,71290.5,1710.0,71268.0,9960.0,71293.0,9960.0,71267.0,990.0,71296.5,1490.0,71263.0,5190.0,71297.0,2900.0,71262.5,15000.0,71300.0,4650.0,71261.0,610.0,71301.0,10.0,71259.5,10230.0,71303.5,10000.0,71259.0,4640.0,71305.0,16800.0,71258.5,142810.0,71308.0,35650.0,71257.5,56000.0,71312.0,10.0,71251.0,1180.0,71312.5,35660.0,71250.0,610.0,71313.5,56000.0,71249.0,50010.0,71314.0,8890.0,71248.5,10000.0,71315.0,200.0,71247.5,50000.0,71316.0,6460.0,71247.0,100110.0,71321.0,71360.0,71246.5,33880.0,71321.5,71320.0,71246.0,74420.0,71322.5,100.0,71242.5,24210.0,71326.5,620.0,71242.0,12110.0
1711929676,71275.0,78340.0,71274.5,156860.0,71282.5,500000.0,71272.0,5930.0,71283.0,1480.0,71271.5,9970.0,71285.5,35680.0,71271.0,8810.0,71286.0,1220.0,71270.5,55160.0,71290.0,24220.0,71270.0,50000.0,71290.5,1710.0,71269.5,73420.0,71293.5,80000.0,71269.0,1000.0,71296.5,1490.0,71267.5,60000.0,71301.0,10.0,71267.0,990.0,71305.0,9960.0,71264.5,1200.0,71308.0,2030.0,71261.0,610.0,71312.0,10.0,71259.5,10000.0,71315.0,200.0,71258.5,134390.0,71316.0,6460.0,71257.5,56000.0,71320.0,56000.0,71255.0,10000.0,71321.5,71320.0,71253.5,2660.0,71322.0,35760.0,71253.0,50000.0,71322.5,35760.0,71252.0,24210.0,71325.0,16800.0,71251.5,59850.0,71326.5,620.0,71251.0,1180.0,71328.5,100.0,71250.5,13600.0,71329.0,10.0,71250.0,610.0,71330.0,600.0,71249.0,10.0,71331.5,12940.0,71248.0,2000.0
1711929677,71275.0,78340.0,71274.5,47940.0,71282.0,35680.0,71272.0,5860.0,71282.5,500000.0,71271.5,4740.0,71286.0,1220.0,71270.5,5090.0,71290.0,24220.0,71270.0,5260.0,71290.5,1710.0,71269.5,23420.0,71293.5,80000.0,71269.0,1000.0,71296.5,1490.0,71267.0,990.0,71299.5,9960.0,71264.5,1200.0,71301.0,10.0,71261.0,610.0,71303.0,600.0,71259.5,5170.0,71308.0,2030.0,71259.0,69440.0,71309.0,2660.0,71258.5,134390.0,71312.0,10.0,71257.5,106000.0,71315.0,200.0,71254.5,10000.0,71316.0,6460.0,71253.5,2660.0,71320.0,56000.0,71251.5,35630.0,71322.0,35660.0,71251.0,25390.0,71323.5,100.0,71250.5,15600.0,71324.0,100.0,71250.0,610.0,71325.0,16800.0,71249.0,10.0,71326.5,620.0,71247.0,12110.0,71328.5,100.0,71246.5,12110.0,71329.0,10.0,71241.0,27430.0,71330.0,600.0,71240.5,2280.0
1711929678,71275.0,78340.0,71274.5,204850.0,71282.5,500000.0,71272.0,19120.0,71285.5,35680.0,71271.5,4740.0,71286.0,1220.0,71271.0,5190.0,71290.0,24220.0,71270.5,5090.0,71290.5,1710.0,71270.0,5260.0,71293.5,80000.0,71269.5,23420.0,71296.5,1490.0,71269.0,1000.0,71299.5,9960.0,71267.0,990.0,71301.0,10.0,71264.5,1200.0,71303.0,600.0,71261.0,610.0,71308.0,2030.0,71259.0,69440.0,71309.0,2660.0,71258.5,186390.0,71312.0,10.0,71257.5,50000.0,71315.0,200.0,71254.5,10000.0,71316.0,27980.0,71253.5,2660.0,71316.5,341310.0,71251.5,35630.0,71320.0,56000.0,71251.0,25390.0,71322.0,35660.0,71250.5,13600.0,71322.5,200.0,71250.0,610.0,71325.0,16800.0,71249.0,10.0,71326.5,620.0,71247.0,12110.0,71328.5,100.0,71246.5,12110.0,71329.0,10.0,71240.5,37900.0,71330.0,600.0,71240.0,50000.0
1711929679,71275.0,78340.0,71274.5,205340.0,71282.5,500000.0,71272.0,5860.0,71285.5,35680.0,71271.5,4740.0,71286.0,1220.0,71271.0,5190.0,71290.0,24220.0,71270.5,5090.0,71290.5,1710.0,71270.0,5260.0,71293.5,80000.0,71269.5,23420.0,71296.5,1490.0,71269.0,1000.0,71299.5,9960.0,71267.0,990.0,71301.0,10.0,71264.5,1200.0,71308.0,2030.0,71261.0,610.0,71309.0,2660.0,71259.0,119440.0,71312.0,10.0,71258.5,136390.0,71315.0,200.0,71257.5,50000.0,71316.0,27980.0,71252.5,12110.0,71316.5,341310.0,71252.0,24210.0,71320.0,56000.0,71251.5,35630.0,71322.0,35660.0,71251.0,13290.0,71323.0,200.0,71250.5,13600.0,71325.0,16800.0,71250.0,610.0,71326.5,620.0,71249.0,10.0,71328.5,100.0,71245.0,1840.0,71329.0,10.0,71241.0,35660.0,71330.0,600.0,71240.5,35620.0,71331.0,35660.0,71240.0,50000.0
1711929680,71275.0,11170.0,71274.5,204850.0,71280.5,36330.0,71272.0,5860.0,71282.5,500000.0,71271.5,4740.0,71285.5,1500.0,71271.0,5190.0,71286.0,3660.0,71270.5,5090.0,71290.0,35680.0,71270.0,5260.0,71290.5,1710.0,71269.5,23420.0,71292.0,2800.0,71269.0,1000.0,71293.0,24220.0,71267.0,990.0,71293.5,80000.0,71264.5,1200.0,71294.0,3670.0,71261.0,610.0,71296.5,1490.0,71259.5,50000.0,71299.5,9960.0,71259.0,69440.0,71301.0,10.0,71258.5,134390.0,71304.5,600.0,71258.0,2000.0,71312.0,10.0,71257.5,50000.0,71315.0,200.0,71255.5,23880.0,71316.0,27980.0,71254.5,48430.0,71316.5,341310.0,71254.0,35630.0,71320.0,56000.0,71253.0,12110.0,71322.0,35660.0,71251.0,11180.0,71322.5,100.0,71250.5,1490.0,71324.0,100.0,71250.0,610.0,71325.0,16800.0,71249.0,10.0,71326.5,620.0,71246.5,7040.0
1711929681,71282.5,488720.0,71282.0,121970.0,71286.0,3660.0,71281.0,53880.0,71289.0,24220.0,71279.0,5070.0,71289.5,12110.0,71278.5,13640.0,71290.5,1710.0,71275.5,5180.0,71292.0,2800.0,71275.0,5140.0,71296.0,35680.0,71274.5,98670.0,71296.5,1490.0,71272.0,610.0,71298.5,4280.0,71271.5,4740.0,71300.5,80000.0,71269.0,1000.0,71301.0,10.0,71267.0,48980.0,71304.0,24220.0,71265.0,24210.0,71312.0,10.0,71264.5,3200.0,71316.0,27980.0,71262.5,24220.0,71316.5,341310.0,71261.5,12110.0,71320.0,56000.0,71261.0,610.0,71321.5,200.0,71260.5,50000.0,71323.5,100.0,71260.0,45630.0,71325.0,16800.0,71259.0,69440.0,71326.5,620.0,71258.5,134390.0,71329.0,10.0,71257.5,10000.0,71330.0,600.0,71257.0,40000.0,71330.5,35670.0,71256.0,50000.0,71331.0,35660.0,71255.5,23880.0,71331.5,61920.0,71255.0,1980.0
1711929682,71282.5,539830.0,71282.0,96010.0,71285.5,36330.0,71281.0,15360.0,71286.0,1220.0,71278.5,8420.0,71287.0,2360.0,71274.5,76260.0,71288.5,430.0,71272.0,610.0,71290.5,1710.0,71271.5,4740.0,71296.5,1490.0,71269.0,1000.0,71297.0,24220.0,71267.0,120640.0,71297.5,35680.0,71265.5,50000.0,71298.0,2890.0,71264.5,3200.0,71298.5,84280.0,71261.0,610.0,71301.0,10.0,71260.5,24210.0,71302.5,5560.0,71260.0,35630.0,71305.0,3360.0,71259.5,10000.0,71305.5,9960.0,71259.0,12110.0,71312.0,4720.0,71258.5,134390.0,71316.0,27980.0,71258.0,24220.0,71316.5,341310.0,71257.0,40000.0,71318.5,6870.0,71256.0,50000.0,71320.0,56000.0,71255.5,23880.0,71321.5,200.0,71251.0,1180.0,71325.0,16800.0,71250.5,1490.0,71326.5,620.0,71250.0,28040.0,71329.0,10.0,71249.5,1980.0,71329.5,100.0,71249.0,10.0
1711929683,71286.0,4330.0,71285.5,183390.0,71290.5,1710.0,71283.0,5160.0,71296.5,10.0,71282.5,5090.0,71300.5,12110.0,71282.0,123340.0,71301.0,24230.0,71281.0,50000.0,71301.5,8100.0,71278.5,8420.0,71309.5,80000.0,71277.5,48430.0,71311.0,28670.0,71276.5,5240.0,71311.5,35680.0,71275.5,12110.0,71312.0,10.0,71275.0,5100.0,71316.5,341310.0,71274.5,20260.0,71325.5,200.0,71272.0,610.0,71326.5,10580.0,71271.5,4740.0,71329.0,10.0,71270.0,35640.0,71331.5,12940.0,71269.5,10000.0,71337.5,610.0,71269.0,1000.0,71340.5,35670.0,71267.0,51970.0,71341.5,16800.0,71265.0,35660.0,71346.5,5360.0,71264.5,1200.0,71348.5,610.0,71261.5,2620.0,71350.0,84650.0,71261.0,610.0,71352.0,10.0,71260.0,50000.0,71356.0,56000.0,71259.0,50000.0,71360.0,7040.0,71258.5,134390.0,71366.5,8890.0,71258.0,50000.0
1711929684,71286.0,10.0,71285.5,260580.0,71290.5,1710.0,71284.5,10000.0,71296.5,10.0,71283.0,10560.0,71298.5,12110.0,71282.5,5090.0,71301.0,10.0,71282.0,46020.0,71309.0,24220.0,71278.5,20530.0,71310.0,24220.0,71277.5,24210.0,71310.5,35680.0,71277.0,12110.0,71311.0,84450.0,71276.5,5240.0,71312.0,10.0,71275.5,12110.0,71316.5,341310.0,71275.0,5100.0,71325.5,800.0,71274.5,20260.0,71326.5,10580.0,71272.0,50610.0,71329.0,10.0,71271.5,4740.0,71331.5,12940.0,71270.0,35640.0,71335.5,100.0,71269.0,11000.0,71336.0,100.0,71267.5,35660.0,71337.5,610.0,71267.0,990.0,71340.0,100.0,71265.0,1950.0,71340.5,35670.0,71264.5,1200.0,71341.5,16800.0,71263.5,2000.0,71346.5,5360.0,71261.0,610.0,71348.5,610.0,71260.0,50000.0,71350.0,35670.0,71259.0,3260.0,71352.0,10.0,71258.5,134390.0
1711929685,71290.5,1210.0,71290.0,161770.0,71296.5,10.0,71289.5,20420.0,71300.5,12110.0,71287.5,5260.0,71301.0,10.0,71287.0,5150.0,71304.0,24220.0,71286.5,5230.0,71311.0,4450.0,71286.0,5180.0,71311.5,24220.0,71285.5,117760.0,71312.0,35690.0,71285.0,4400.0,71312.5,80000.0,71284.0,660.0,71316.5,341310.0,71282.0,3560.0,71321.0,9960.0,71280.0,24210.0,71325.5,600.0,71279.5,72000.0,71326.5,620.0,71278.5,12110.0,71329.0,10.0,71278.0,12110.0,71330.0,200.0,71277.0,1500.0,71331.5,12940.0,71275.0,12110.0,71337.5,610.0,71274.5,20260.0,71339.0,200.0,71273.5,50000.0,71340.5,35670.0,71272.0,610.0,71341.5,16800.0,71270.0,35640.0,71346.0,100.0,71269.0,1000.0,71346.5,5360.0,71267.5,35660.0,71348.5,610.0,71267.0,2990.0,71350.0,35670.0,71265.0,1950.0,71352.0,10.0,71264.5,1200.0
1711929686,71301.0,20.0,71300.5,132810.0,71305.0,1210.0,71296.5,5160.0,71309.5,12110.0,71296.0,50120.0,71312.0,10.0,71291.5,5100.0,71316.0,24220.0,71291.0,5260.0,71316.5,341310.0,71290.5,29430.0,71319.5,1510.0,71290.0,77600.0,71323.0,80000.0,71289.5,12000.0,71324.0,4390.0,71288.5,12110.0,71324.5,35680.0,71288.0,10000.0,71326.0,24220.0,71286.0,24220.0,71326.5,10580.0,71285.5,69170.0,71329.0,10.0,71285.0,4400.0,71337.5,610.0,71284.0,660.0,71338.0,200.0,71280.0,35640.0,71338.5,600.0,71279.5,72000.0,71341.5,16800.0,71277.5,35660.0,71346.5,5360.0,71277.0,1500.0,71348.0,100.0,71276.5,50000.0,71348.5,610.0,71275.5,69430.0,71349.5,100.0,71275.0,1910.0,71350.0,35670.0,71274.5,20260.0,71350.5,35680.0,71273.0,10000.0,71352.0,10.0,71272.0,610.0,71355.5,100.0,71269.5,3190.0
1711929687,71301.0,20.0,71300.5,212060.0,71312.0,10.0,71296.5,5160.0,71315.5,12110.0,71296.0,43120.0,71316.0,24220.0,71293.5,2000.0,71316.5,341310.0,71291.5,5100.0,71319.5,1510.0,71291.0,29470.0,71323.0,81910.0,71290.5,17330.0,71324.0,4390.0,71290.0,27600.0,71324.5,35680.0,71289.5,24110.0,71326.5,620.0,71286.0,12110.0,71328.5,3190.0,71285.5,69170.0,71329.0,10.0,71285.0,4400.0,71332.0,24220.0,71284.0,660.0,71332.5,9960.0,71280.0,71300.0,71336.5,6520.0,71279.5,50000.0,71337.5,610.0,71277.0,1500.0,71338.0,200.0,71276.0,10000.0,71338.5,600.0,71275.5,67430.0,71339.0,4380.0,71275.0,3910.0,71341.5,16800.0,71274.5,20260.0,71346.5,5360.0,71272.0,610.0,71348.0,100.0,71269.5,3190.0,71348.5,610.0,71268.5,23880.0,71349.5,100.0,71267.5,50000.0,71350.0,35670.0,71267.0,36620.0
1711929688,71312.0,20.0,71311.5,173220.0,71315.5,12110.0,71308.0,660.0,71316.0,24220.0,71307.5,7790.0,71316.5,341310.0,71301.0,9880.0,71323.5,35680.0,71300.5,89700.0,71324.0,4390.0,71300.0,1180.0,71326.5,620.0,71296.5,5160.0,71327.0,80000.0,71296.0,660.0,71328.0,24220.0,71293.5,2000.0,71328.5,1880.0,71291.5,24210.0,71329.0,10.0,71291.0,17370.0,71333.0,9960.0,71290.5,17330.0,71337.5,610.0,71290.0,27600.0,71338.5,600.0,71289.5,12000.0,71339.0,4380.0,71289.0,74530.0,71340.5,3100.0,71286.0,12110.0,71341.5,16800.0,71285.5,13170.0,71342.0,200.0,71284.0,136400.0,71346.5,5360.0,71282.5,52000.0,71348.5,610.0,71281.5,200.0,71352.0,10.0,71281.0,1870.0,71354.5,41940.0,71280.0,35660.0,71356.0,56000.0,71278.0,37430.0,71359.5,200.0,71277.0,1500.0,71360.0,35680.0,71274.5,18270.0
1711929689,71314.5,25530.0,71314.0,94150.0,71315.5,1170.0,71312.5,5400.0,71316.0,12110.0,71311.5,107100.0,71316.5,341310.0,71308.0,660.0,71326.0,35680.0,71301.0,9880.0,71326.5,620.0,71300.5,22410.0,71332.5,80000.0,71300.0,1180.0,71333.5,24220.0,71296.5,5160.0,71334.0,4390.0,71296.0,660.0,71337.5,2480.0,71293.5,2000.0,71338.0,9960.0,71292.5,24210.0,71340.5,3100.0,71292.0,12110.0,71342.5,200.0,71291.5,12110.0,71343.5,600.0,71291.0,17370.0,71346.5,5360.0,71290.5,5220.0,71348.5,610.0,71290.0,27600.0,71352.0,10.0,71289.5,13520.0,71353.5,4350.0,71289.0,74530.0,71354.5,6260.0,71288.0,35640.0,71356.0,56000.0,71286.5,1860.0,71356.5,16800.0,71286.0,50200.0,71358.5,35680.0,71285.5,13170.0,71360.0,35680.0,71284.0,660.0,71365.5,200.0,71283.5,5100.0,71366.5,8890.0,71278.5,35660.0
1711929690,71314.5,45980.0,71314.0,38200.0,71315.0,12110.0,71312.5,5400.0,71315.5,13280.0,71311.5,92960.0,71316.5,341310.0,71308.0,660.0,71320.5,430.0,71301.0,4590.0,71326.0,35680.0,71300.5,22410.0,71326.5,620.0,71300.0,1180.0,71331.5,24220.0,71296.5,5160.0,71332.5,80000.0,71296.0,660.0,71334.0,4390.0,71295.0,5230.0,71336.0,600.0,71294.5,50000.0,71337.5,2480.0,71294.0,24210.0,71338.0,9960.0,71293.5,2000.0,71340.5,3100.0,71292.5,12110.0,71342.5,200.0,71292.0,12110.0,71346.5,5360.0,71291.5,12110.0,71348.5,610.0,71291.0,5260.0,71352.0,10.0,71290.5,5220.0,71353.5,4350.0,71290.0,27600.0,71354.5,6260.0,71289.5,13520.0,71356.0,56000.0,71289.0,74530.0,71356.5,16800.0,71288.0,35640.0,71358.5,35680.0,71286.5,1860.0,71360.0,35680.0,71286.0,50200.0,71364.5,200.0,71285.5,13170.0
1711929691,71314.5,1370.0,71314.0,122070.0,71315.5,13280.0,71312.5,5400.0,71316.0,24220.0,71311.5,77960.0,71316.5,341310.0,71308.0,660.0,71326.5,620.0,71301.5,5080.0,71327.5,1470.0,71301.0,4590.0,71331.0,35680.0,71300.5,22410.0,71331.5,24220.0,71300.0,1180.0,71332.5,80000.0,71298.0,75050.0,71334.0,4390.0,71297.0,5140.0,71336.0,600.0,71296.5,5160.0,71337.5,2480.0,71296.0,660.0,71338.0,9960.0,71295.5,24210.0,71340.5,3100.0,71295.0,15230.0,71342.5,200.0,71294.5,77430.0,71346.0,1910.0,71293.5,2000.0,71346.5,5360.0,71292.0,12110.0,71348.5,610.0,71291.5,12110.0,71352.0,10.0,71290.5,12110.0,71353.5,4350.0,71290.0,27600.0,71354.5,6260.0,71289.5,13520.0,71356.0,56000.0,71288.0,35640.0,71356.5,16800.0,71287.0,50000.0,71358.5,35680.0,71286.5,101980.0,71360.0,35680.0,71286.0,200.0
1711929692,71314.5,69980.0,71314.0,92810.0,71315.5,1170.0,71312.5,5400.0,71316.5,341310.0,71311.5,68000.0,71326.5,620.0,71308.0,660.0,71327.0,35680.0,71301.5,5080.0,71327.5,1470.0,71301.0,4590.0,71331.5,24220.0,71300.5,22410.0,71332.5,80000.0,71300.0,1180.0,71334.0,4390.0,71298.0,75050.0,71336.0,600.0,71297.0,5140.0,71337.5,2480.0,71296.5,5160.0,71338.0,9960.0,71296.0,660.0,71340.5,3100.0,71295.0,15230.0,71342.5,200.0,71294.5,77430.0,71346.0,1910.0,71293.5,2000.0,71346.5,5360.0,71293.0,24210.0,71348.5,610.0,71292.5,12110.0,71352.0,10.0,71291.5,12110.0,71353.5,4350.0,71290.5,12110.0,71354.5,6260.0,71290.0,27600.0,71356.0,56000.0,71289.5,13520.0,71356.5,16800.0,71288.0,35640.0,71358.5,35680.0,71286.5,51860.0,71360.0,35680.0,71286.0,200.0,71362.0,200.0,71285.5,13170.0
1711929693,71316.5,342940.0,71316.0,112490.0,71326.5,620.0,71314.5,5400.0,71333.5,36330.0,71314.0,75880.0,71334.0,4390.0,71312.5,5230.0,71337.5,610.0,71312.0,5220.0,71339.5,35680.0,71311.5,68000.0,71342.0,80000.0,71311.0,10000.0,71343.0,200.0,71310.5,1210.0,71345.0,24220.0,71309.5,10000.0,71346.5,5360.0,71308.5,36320.0,71348.5,610.0,71308.0,10660.0,71351.0,1900.0,71302.5,29520.0,71352.0,10.0,71302.0,5310.0,71352.5,3170.0,71301.0,4590.0,71353.5,4350.0,71300.5,13990.0,71356.5,16800.0,71300.0,1180.0,71365.5,100.0,71298.5,35660.0,71367.0,100.0,71298.0,113710.0,71368.0,12790.0,71297.0,1900.0,71369.0,71360.0,71296.0,660.0,71371.0,100.0,71294.5,40600.0,71371.5,72540.0,71293.5,52000.0,71372.5,7320.0,71290.0,27600.0,71373.5,71980.0,71289.5,63720.0,71376.0,8890.0,71285.5,12000.0
1711929694,71326.5,630.0,71326.0,134350.0,71329.5,1190.0,71324.5,8420.0,71337.5,610.0,71324.0,5400.0,71341.5,24220.0,71323.5,32500.0,71342.0,12110.0,71320.0,660.0,71342.5,4520.0,71318.5,77920.0,71343.5,1520.0,71317.0,36320.0,71346.5,85360.0,71316.5,9630.0,71348.5,610.0,71316.0,75600.0,71349.0,35680.0,71315.5,17360.0,71350.5,24220.0,71313.0,12110.0,71351.0,1900.0,71312.5,8070.0,71352.0,10.0,71312.0,40880.0,71352.5,3370.0,71311.5,68000.0,71358.5,9960.0,71310.5,1210.0,71366.5,4460.0,71309.0,1500.0,71367.0,56000.0,71308.0,660.0,71368.0,12790.0,71307.5,35660.0,71371.5,600.0,71307.0,1910.0,71372.5,6340.0,71301.5,10000.0,71373.5,610.0,71301.0,40000.0,71376.5,100.0,71300.5,13990.0,71377.5,35680.0,71300.0,1380.0,71378.5,16800.0,71299.5,50000.0,71382.0,100.0,71296.0,660.0
1711929695,71326.5,630.0,71326.0,214270.0,71329.5,1190.0,71324.5,8420.0,71337.5,610.0,71324.0,5400.0,71342.0,24220.0,71323.5,32500.0,71343.0,12110.0,71321.0,24210.0,71343.5,1520.0,71320.5,12110.0,71346.5,5360.0,71320.0,660.0,71348.5,610.0,71319.5,12110.0,71350.5,80000.0,71319.0,12110.0,71351.5,4520.0,71318.5,77920.0,71352.0,35690.0,71316.5,9630.0,71352.5,200.0,71316.0,15600.0,71357.0,1920.0,71315.5,5250.0,71358.0,24220.0,71312.5,8070.0,71362.0,600.0,71312.0,40880.0,71363.5,3200.0,71311.5,68000.0,71364.0,9960.0,71310.5,1210.0,71366.5,4460.0,71309.5,35660.0,71367.0,56000.0,71309.0,4040.0,71368.0,12790.0,71308.0,660.0,71372.5,6340.0,71307.0,1910.0,71373.5,610.0,71304.0,50000.0,71377.0,100.0,71301.5,10000.0,71377.5,35680.0,71301.0,40000.0,71378.5,16800.0,71300.5,49640.0
1711929696,71326.5,890.0,71326.0,214590.0,71329.5,1190.0,71324.5,8420.0,71337.5,610.0,71324.0,5400.0,71342.0,12110.0,71323.5,32500.0,71342.5,24220.0,71321.0,24210.0,71343.5,1520.0,71320.5,12110.0,71346.5,5360.0,71320.0,660.0,71348.5,610.0,71319.5,24220.0,71350.5,80000.0,71319.0,1340.0,71351.5,4520.0,71318.5,77920.0,71352.0,35690.0,71316.5,9630.0,71352.5,200.0,71316.0,15600.0,71356.0,24220.0,71315.5,5250.0,71357.0,1920.0,71312.5,8070.0,71358.5,9960.0,71312.0,40880.0,71362.0,600.0,71311.5,68000.0,71363.5,3200.0,71310.5,1210.0,71366.5,4460.0,71309.5,35660.0,71367.0,56000.0,71309.0,4040.0,71368.0,12790.0,71308.0,660.0,71372.5,6340.0,71307.0,1910.0,71373.5,610.0,71304.0,50000.0,71377.0,100.0,71302.5,27430.0,71377.5,35680.0,71301.0,40000.0,71378.5,16800.0,71300.5,56680.0
1711929697,71329.5,230.0,71329.0,126000.0,71337.5,1810.0,71327.0,5400.0,71343.0,12110.0,71326.0,117300.0,71344.5,12110.0,71324.5,8420.0,71345.0,12110.0,71321.5,36320.0,71346.5,5360.0,71321.0,12110.0,71348.5,610.0,71320.0,660.0,71351.5,4520.0,71319.5,12110.0,71352.0,10.0,71319.0,1340.0,71354.5,115680.0,71318.5,77920.0,71355.0,200.0,71316.5,9630.0,71361.5,24220.0,71316.0,15600.0,71362.0,600.0,71315.5,5250.0,71363.5,3200.0,71314.0,35660.0,71364.0,9960.0,71312.5,7160.0,71366.5,4460.0,71312.0,5220.0,71367.0,56000.0,71311.5,68000.0,71372.5,6340.0,71311.0,35660.0,71373.5,610.0,71310.5,1210.0,71377.0,100.0,71309.0,1500.0,71377.5,35680.0,71308.0,660.0,71378.5,16800.0,71305.5,3220.0,71384.0,100.0,71305.0,60000.0,71384.5,36300.0,71304.0,40000.0,71387.5,12000.0,71303.5,200.0
1711929698,71329.5,240.0,71329.0,186240.0,71337.5,610.0,71328.0,76870.0,71346.5,5360.0,71327.0,5400.0,71348.0,12110.0,71326.0,93620.0,71348.5,610.0,71325.5,29310.0,71350.5,12110.0,71325.0,5090.0,71351.0,12110.0,71324.5,8420.0,71351.5,4520.0,71323.0,5190.0,71352.0,10.0,71322.5,5210.0,71355.0,200.0,71320.0,660.0,71356.5,80000.0,71319.0,1340.0,71361.5,59900.0,71318.5,27430.0,71362.0,600.0,71317.5,1930.0,71363.0,1930.0,71316.5,40030.0,71363.5,3200.0,71316.0,51260.0,71366.5,4460.0,71313.0,2390.0,71373.5,610.0,71311.5,68000.0,71377.0,100.0,71310.5,1210.0,71377.5,35680.0,71309.0,1500.0,71378.5,16800.0,71308.0,660.0,71379.5,56000.0,71307.0,50000.0,71384.0,100.0,71305.5,3220.0,71384.5,610.0,71304.5,4520.0,71387.5,47690.0,71304.0,40000.0,71388.5,71380.0,71303.5,200.0
1711929699,71346.5,546890.0,71346.0,86900.0,71348.5,610.0,71344.0,9960.0,71352.0,10.0,71343.0,630.0,71353.5,430.0,71342.5,600.0,71355.5,24220.0,71341.0,15000.0,71359.5,16840.0,71338.5,5240.0,71360.0,80000.0,71338.0,5260.0,71369.5,35680.0,71337.5,5140.0,71370.0,26160.0,71337.0,5110.0,71373.5,610.0,71336.5,32500.0,71374.0,3240.0,71334.0,56000.0,71375.0,200.0,71333.5,4570.0,71379.0,4540.0,71333.0,58420.0,71379.5,56000.0,71331.5,630.0,71384.5,610.0,71329.5,60540.0,71385.5,35690.0,71329.0,13990.0,71387.5,12000.0,71326.5,240.0,71390.5,6460.0,71326.0,14840.0,71391.5,12000.0,71322.5,1940.0,71392.0,35700.0,71320.5,35660.0,71394.0,16900.0,71320.0,40550.0,71394.5,12000.0,71319.0,1340.0,71395.5,610.0,71318.5,27430.0,71398.0,12000.0,71317.5,200.0,71398.5,12000.0,71317.0,76230.0
1711929700,71346.5,579390.0,71346.0,39050.0,71348.0,12110.0,71344.5,8420.0,71348.5,610.0,71343.0,630.0,71351.0,12110.0,71340.0,15000.0,71351.5,12110.0,71339.5,10290.0,71352.0,440.0,71339.0,1500.0,71357.5,35680.0,71338.0,9960.0,71358.0,81460.0,71336.5,32500.0,71359.5,4730.0,71334.0,56000.0,71362.5,24220.0,71333.5,4570.0,71363.0,3250.0,71331.5,630.0,71363.5,9960.0,71329.0,15190.0,71373.5,1210.0,71326.5,75840.0,71375.0,200.0,71326.0,14840.0,71379.0,4540.0,71324.0,85660.0,71379.5,56000.0,71321.0,36330.0,71382.5,1760.0,71320.5,24210.0,71384.5,610.0,71320.0,4890.0,71387.5,12000.0,71318.5,27430.0,71390.5,6460.0,71317.5,200.0,71391.5,12000.0,71316.5,7040.0,71393.5,35690.0,71316.0,15600.0,71394.0,16900.0,71313.5,35660.0,71394.5,47700.0,71313.0,2390.0,71395.5,610.0,71311.5,12000.0
1711929701,71343.5,153900.0,71343.0,11650.0,71345.5,35680.0,71339.0,1500.0,71346.0,4440.0,71334.0,56000.0,71346.5,539060.0,71333.5,4570.0,71348.5,610.0,71331.5,630.0,71350.0,80000.0,71329.0,13990.0,71350.5,24220.0,71327.0,8420.0,71351.0,1960.0,71326.0,12000.0,71352.0,9970.0,71324.0,1170.0,71358.0,2060.0,71320.0,660.0,71363.0,3250.0,71317.5,10000.0,71366.0,2710.0,71316.0,51260.0,71366.5,6630.0,71314.5,12310.0,71372.0,200.0,71314.0,36320.0,71373.5,610.0,71312.0,12110.0,71379.5,132750.0,71311.5,12000.0,71384.5,610.0,71309.5,75270.0,71386.0,35690.0,71309.0,1500.0,71386.5,35690.0,71307.5,23880.0,71387.5,12000.0,71306.5,100.0,71390.5,6460.0,71305.5,3250.0,71391.0,100.0,71304.5,6480.0,71391.5,12000.0,71301.0,35660.0,71394.0,16800.0,71300.5,47650.0,71394.5,20890.0,71299.5,29430.0
1711929702,71343.5,152900.0,71343.0,11650.0,71346.0,4440.0,71339.0,1500.0,71346.5,539060.0,71334.0,56000.0,71348.0,35680.0,71333.5,4570.0,71348.5,610.0,71332.0,10160.0,71350.0,80000.0,71331.5,630.0,71351.0,1960.0,71329.0,13990.0,71352.0,9970.0,71327.0,8420.0,71352.5,15000.0,71326.0,12000.0,71353.0,600.0,71324.0,1170.0,71357.5,24220.0,71320.0,660.0,71358.0,1460.0,71317.0,34210.0,71363.0,3250.0,71316.0,63370.0,71366.0,2710.0,71315.5,100140.0,71366.5,6630.0,71314.5,200.0,71372.0,200.0,71313.0,24220.0,71373.5,610.0,71312.5,50000.0,71379.0,38390.0,71311.5,12000.0,71379.5,132750.0,71309.0,1500.0,71381.0,15000.0,71307.5,23880.0,71384.5,610.0,71307.0,240.0,71386.5,35690.0,71305.5,3250.0,71387.5,12000.0,71305.0,35660.0,71388.0,12500.0,71304.5,6480.0,71390.5,6460.0,71301.5,100.0
1711929703,71320.5,137710.0,71320.0,11680.0,71324.5,32500.0,71309.5,10000.0,71325.5,80000.0,71309.0,9960.0,71328.5,4440.0,71305.5,600.0,71329.0,35680.0,71301.5,8420.0,71330.0,9960.0,71300.5,12000.0,71331.5,24220.0,71299.5,27430.0,71332.0,1180.0,71297.0,24210.0,71335.0,16910.0,71296.5,35650.0,71339.5,15090.0,71294.0,92530.0,71342.5,3240.0,71293.0,7040.0,71343.5,12580.0,71290.5,2000.0,71346.0,3610.0,71290.0,12000.0,71346.5,508280.0,71289.5,12000.0,71348.5,610.0,71287.5,50000.0,71351.0,4540.0,71285.5,12000.0,71351.5,3000.0,71284.5,35660.0,71352.0,10.0,71283.5,15000.0,71354.0,10000.0,71280.0,1910.0,71356.0,6380.0,71279.5,100.0,71356.5,56000.0,71277.0,35630.0,71358.0,1460.0,71274.5,18270.0,71362.0,16800.0,71273.5,990.0,71366.5,35680.0,71272.5,3120.0,71367.5,35680.0,71272.0,100.0
1711929704,71320.5,106470.0,71320.0,6680.0,71322.0,12110.0,71316.0,5400.0,71323.0,12110.0,71314.5,9960.0,71323.5,12110.0,71311.0,10160.0,71324.5,32500.0,71310.0,600.0,71325.5,430.0,71304.5,1190.0,71328.5,4440.0,71301.5,8420.0,71331.5,35680.0,71300.5,12000.0,71332.0,1180.0,71298.0,50000.0,71332.5,80000.0,71297.5,70540.0,71334.5,24220.0,71296.5,35650.0,71335.0,15000.0,71294.0,56200.0,71336.5,600.0,71291.0,10000.0,71339.5,12000.0,71290.5,2000.0,71342.5,3240.0,71290.0,13490.0,71343.0,1800.0,71289.5,12000.0,71343.5,12000.0,71286.0,35660.0,71345.5,3520.0,71285.5,13800.0,71346.5,508280.0,71284.5,5240.0,71347.5,240.0,71284.0,27430.0,71348.5,610.0,71283.5,15000.0,71351.0,4540.0,71280.5,100.0,71352.0,10.0,71280.0,23880.0,71355.0,10000.0,71277.0,35630.0,71356.0,6380.0,71274.5,18270.0
1711929705,71320.5,106470.0,71320.0,6680.0,71323.5,12110.0,71316.0,5400.0,71324.0,12110.0,71314.5,9960.0,71324.5,32500.0,71311.5,15000.0,71325.0,12110.0,71310.0,600.0,71327.0,430.0,71304.5,1190.0,71328.5,4440.0,71302.0,5090.0,71331.5,35680.0,71301.5,8420.0,71332.0,1180.0,71301.0,29520.0,71332.5,81500.0,71300.5,17150.0,71334.5,24220.0,71300.0,5220.0,71339.5,12000.0,71299.5,36330.0,71342.5,3840.0,71297.5,10000.0,71343.0,1800.0,71296.5,35650.0,71343.5,12000.0,71294.0,56200.0,71345.5,3520.0,71290.0,15490.0,71346.5,507060.0,71289.5,12000.0,71348.5,610.0,71289.0,35660.0,71351.0,4540.0,71288.5,100150.0,71352.0,10.0,71285.5,13800.0,71354.0,10000.0,71285.0,240.0,71356.0,6380.0,71284.5,5240.0,71356.5,56000.0,71284.0,27430.0,71362.0,16800.0,71283.5,15000.0,71364.0,77360.0,71280.5,100.0
1711929706,71320.5,144010.0,71320.0,6680.0,71324.0,35680.0,71316.0,5400.0,71324.5,32500.0,71313.0,30.0,71327.0,430.0,71310.0,600.0,71328.0,24220.0,71309.0,9960.0,71328.5,84440.0,71306.0,15000.0,71330.5,9960.0,71305.5,50000.0,71332.0,1180.0,71301.5,8420.0,71332.5,1500.0,71300.5,12000.0,71333.0,1800.0,71296.5,35650.0,71339.5,12000.0,71294.0,56200.0,71340.0,15000.0,71290.5,60540.0,71342.5,3840.0,71290.0,12000.0,71343.5,12000.0,71289.5,14000.0,71345.5,3520.0,71285.5,12000.0,71346.5,507060.0,71283.5,15000.0,71348.5,610.0,71280.5,35660.0,71351.0,4540.0,71280.0,23880.0,71352.0,10.0,71278.0,1800.0,71353.0,10000.0,71277.5,34930.0,71356.0,6380.0,71277.0,35630.0,71356.5,56000.0,71275.5,27430.0,71362.0,16800.0,71274.5,18270.0,71366.5,35680.0,71273.5,990.0,71367.5,35680.0,71272.0,7040.0
1711929707,71320.5,144720.0,71320.0,6680.0,71323.0,80000.0,71316.0,18750.0,71324.0,35680.0,71313.0,30.0,71324.5,32500.0,71312.5,5400.0,71325.0,9960.0,71307.5,15000.0,71326.5,24220.0,71306.0,600.0,71327.0,430.0,71303.5,9960.0,71328.5,4440.0,71301.5,8420.0,71329.5,3440.0,71301.0,1220.0,71331.0,3010.0,71300.5,12000.0,71332.0,1180.0,71295.5,35650.0,71332.5,1500.0,71294.0,56200.0,71333.0,16800.0,71290.5,36320.0,71337.5,600.0,71290.0,36220.0,71339.5,12000.0,71289.5,14000.0,71342.5,3240.0,71288.0,7040.0,71343.5,12000.0,71286.5,1470.0,71346.5,507060.0,71285.5,12000.0,71348.5,610.0,71283.5,15000.0,71351.0,14540.0,71280.5,100.0,71352.0,10.0,71279.0,35660.0,71355.0,35670.0,71278.5,100150.0,71356.0,6380.0,71278.0,1800.0,71356.5,56000.0,71275.5,27430.0,71362.0,16800.0,71274.5,18270.0
1711929708,71320.5,144910.0,71320.0,6680.0,71323.0,80000.0,71316.5,18750.0,71324.0,35680.0,71313.0,30.0,71324.5,32500.0,71312.5,5400.0,71325.0,9960.0,71310.5,11840.0,71326.5,24220.0,71307.5,15000.0,71327.0,430.0,71306.0,600.0,71328.5,4440.0,71303.5,9960.0,71329.5,3440.0,71302.0,4500.0,71330.0,15000.0,71301.5,8420.0,71331.0,3010.0,71301.0,1220.0,71332.0,1180.0,71300.5,12000.0,71332.5,2100.0,71295.5,35650.0,71333.0,1800.0,71294.0,106200.0,71339.5,12000.0,71290.5,36320.0,71342.5,3240.0,71290.0,36220.0,71343.5,12000.0,71289.5,14000.0,71346.5,507060.0,71288.5,100140.0,71348.5,610.0,71288.0,7040.0,71350.0,10000.0,71286.5,1470.0,71351.0,4540.0,71285.5,12000.0,71352.0,10.0,71283.5,15000.0,71355.0,35670.0,71279.5,100.0,71356.0,6380.0,71279.0,35660.0,71356.5,56000.0,71278.0,1800.0
1711929709,71320.5,144010.0,71320.0,6680.0,71323.0,80000.0,71318.0,18750.0,71324.0,35680.0,71313.0,30.0,71324.5,32500.0,71312.5,5400.0,71325.0,9960.0,71312.0,32300.0,71326.5,24220.0,71310.5,11840.0,71327.0,430.0,71307.5,15000.0,71328.5,4440.0,71306.0,600.0,71329.5,3440.0,71303.5,9960.0,71330.0,15000.0,71302.0,4500.0,71331.0,3010.0,71301.5,8420.0,71332.0,1180.0,71301.0,1220.0,71332.5,2100.0,71300.5,12000.0,71333.0,1800.0,71297.0,76580.0,71339.5,12000.0,71295.5,35650.0,71342.5,3240.0,71294.0,56200.0,71343.5,12000.0,71292.0,12110.0,71346.5,507060.0,71291.5,27430.0,71348.5,610.0,71291.0,12110.0,71350.0,10000.0,71290.5,36320.0,71351.0,4540.0,71290.0,12000.0,71352.0,10.0,71289.5,14000.0,71355.0,35670.0,71288.0,7040.0,71356.0,6380.0,71286.5,1470.0,71356.5,56000.0,71285.5,12000.0
1711929710,71320.5,144010.0,71320.0,6680.0,71323.0,80000.0,71318.0,18750.0,71324.0,35680.0,71313.0,30.0,71324.5,32500.0,71312.5,5400.0,71325.0,9960.0,71312.0,32300.0,71326.5,24220.0,71310.5,11840.0,71327.0,430.0,71307.5,15000.0,71328.5,4440.0,71306.0,600.0,71329.5,3440.0,71303.5,9960.0,71330.0,15000.0,71302.0,4500.0,71331.0,3010.0,71301.5,8420.0,71332.0,1180.0,71301.0,1220.0,71332.5,2100.0,71300.5,12000.0,71333.0,1800.0,71297.5,5190.0,71339.5,12000.0,71297.0,5230.0,71342.5,3240.0,71296.5,5080.0,71343.5,12000.0,71296.0,5100.0,71346.5,507060.0,71295.5,112870.0,71348.5,610.0,71294.0,56200.0,71349.0,10000.0,71291.5,27430.0,71351.0,4540.0,71291.0,12110.0,71352.0,10.0,71290.5,48430.0,71355.0,35670.0,71290.0,12000.0,71356.0,6380.0,71289.5,14000.0,71356.5,56000.0,71288.0,7040.0
1711929711,71320.5,644010.0,71320.0,11680.0,71323.0,80000.0,71318.0,18750.0,71324.0,35680.0,71313.0,30.0,71324.5,32500.0,71312.5,5400.0,71325.0,9960.0,71310.5,11840.0,71326.0,15000.0,71307.5,15000.0,71327.0,430.0,71306.0,600.0,71328.5,5040.0,71303.5,9960.0,71329.0,24220.0,71302.0,4500.0,71329.5,3440.0,71301.5,8420.0,71331.0,3010.0,71301.0,1220.0,71332.0,1180.0,71300.5,12000.0,71332.5,1500.0,71295.5,112870.0,71333.0,1800.0,71294.0,56200.0,71339.5,12000.0,71292.5,23880.0,71342.5,3240.0,71292.0,50000.0,71343.5,12000.0,71291.5,27430.0,71346.5,7060.0,71290.5,60540.0,71348.5,610.0,71290.0,22000.0,71351.0,4540.0,71289.5,14000.0,71351.5,10000.0,71288.0,7040.0,71352.0,10.0,71286.5,1470.0,71355.0,35670.0,71285.5,12000.0,71356.0,6380.0,71283.5,15000.0,71356.5,56000.0,71279.5,100.0
1711929712,71313.5,132100.0,71313.0,6050.0,71314.0,80000.0,71310.5,4990.0,71317.0,12000.0,71300.5,12000.0,71318.5,44930.0,71294.0,56000.0,71320.0,4280.0,71292.5,23880.0,71320.5,616690.0,71291.0,8420.0,71322.0,15000.0,71290.0,12000.0,71324.5,600.0,71289.5,12000.0,71332.0,4380.0,71288.0,200.0,71332.5,1500.0,71285.5,12000.0,71333.5,4480.0,71285.0,2000.0,71338.5,200.0,71283.5,15000.0,71339.5,12000.0,71279.5,100.0,71343.5,22000.0,71276.0,35640.0,71346.5,95000.0,71275.0,60540.0,71348.5,610.0,71274.5,13270.0,71352.0,10.0,71273.5,990.0,71356.0,6380.0,71272.0,2020.0,71356.5,56000.0,71271.5,3010.0,71359.5,8890.0,71270.0,32390.0,71363.5,660.0,71266.0,63090.0,71365.0,78530.0,71265.5,104500.0,71366.0,71360.0,71263.0,7040.0,71368.0,100.0,71260.5,90.0,71368.5,33970.0,71260.0,42010.0
1711929713,71301.5,58070.0,71301.0,5660.0,71306.0,12110.0,71300.5,12000.0,71308.0,430.0,71299.5,5400.0,71309.5,80000.0,71294.0,56000.0,71312.5,35680.0,71293.0,15000.0,71313.0,29880.0,71292.5,600.0,71313.5,22280.0,71291.0,8420.0,71315.0,1920.0,71290.5,4680.0,71316.0,15000.0,71290.0,12000.0,71317.0,12000.0,71289.5,12000.0,71318.0,20.0,71289.0,660.0,71318.5,13500.0,71288.0,1190.0,71320.0,5120.0,71285.5,12000.0,71320.5,518890.0,71280.5,76480.0,71321.5,3200.0,71278.0,48430.0,71328.0,200.0,71277.5,12110.0,71332.5,1500.0,71277.0,660.0,71333.5,4480.0,71276.0,37640.0,71335.5,56000.0,71274.5,13470.0,71338.5,16410.0,71274.0,10000.0,71339.5,12000.0,71273.5,2510.0,71343.5,12000.0,71269.5,100130.0,71346.5,93480.0,71266.5,35660.0,71348.5,610.0,71266.0,27430.0,71351.5,100.0,71265.5,1920.0
1711929714,71301.5,2550.0,71301.0,107030.0,71306.5,12110.0,71300.5,12000.0,71307.0,12110.0,71299.5,5400.0,71310.5,12110.0,71297.0,31420.0,71312.5,80000.0,71296.5,10240.0,71313.0,5660.0,71296.0,9960.0,71313.5,12000.0,71295.5,5290.0,71315.5,35680.0,71295.0,5140.0,71316.0,15000.0,71294.5,5170.0,71317.0,12000.0,71294.0,57340.0,71318.0,24240.0,71293.5,5240.0,71318.5,13500.0,71293.0,15000.0,71319.0,9960.0,71292.5,600.0,71320.0,4880.0,71291.0,8420.0,71320.5,512000.0,71290.5,4680.0,71321.5,3200.0,71290.0,12000.0,71323.5,1940.0,71289.5,12000.0,71328.0,200.0,71289.0,660.0,71332.5,1500.0,71288.0,1190.0,71333.5,4480.0,71285.5,12000.0,71335.5,56000.0,71284.0,10000.0,71338.0,35660.0,71281.5,36330.0,71338.5,6410.0,71281.0,24210.0,71339.5,22000.0,71280.0,50000.0,71343.5,12000.0,71277.0,660.0
1711929715,71301.5,2550.0,71301.0,74530.0,71304.5,12110.0,71300.5,12000.0,71305.0,12110.0,71299.5,5400.0,71305.5,12110.0,71297.0,31420.0,71312.5,80000.0,71296.5,10240.0,71313.0,41340.0,71296.0,9960.0,71313.5,12000.0,71295.5,5290.0,71316.0,24220.0,71295.0,5140.0,71317.0,12000.0,71294.5,5170.0,71318.0,20.0,71294.0,57340.0,71318.5,13500.0,71293.5,5240.0,71319.0,9960.0,71293.0,15000.0,71320.0,4880.0,71292.5,600.0,71320.5,512000.0,71291.0,8420.0,71321.5,3200.0,71290.5,4680.0,71322.5,3500.0,71290.0,12000.0,71323.5,1940.0,71289.5,12000.0,71328.0,200.0,71289.0,660.0,71332.5,1500.0,71288.0,1190.0,71333.5,4720.0,71285.5,12000.0,71335.5,59370.0,71284.0,10000.0,71338.5,6410.0,71281.0,36320.0,71339.5,12000.0,71280.5,24220.0,71342.0,10000.0,71280.0,50000.0,71343.5,12000.0,71279.5,10000.0
1711929716,71301.5,10.0,71301.0,145980.0,71311.5,12110.0,71300.5,12000.0,71312.0,25390.0,71299.5,5400.0,71313.5,12000.0,71297.5,600.0,71317.0,12000.0,71297.0,31420.0,71318.0,20.0,71296.0,15040.0,71318.5,93500.0,71295.5,5290.0,71319.5,35680.0,71295.0,15140.0,71320.0,4280.0,71294.5,5170.0,71320.5,512000.0,71294.0,67340.0,71323.5,9960.0,71291.0,8420.0,71328.0,200.0,71290.5,4680.0,71330.5,1950.0,71290.0,12000.0,71332.0,24220.0,71289.5,12000.0,71332.5,4750.0,71289.0,24870.0,71333.5,4480.0,71288.0,1190.0,71334.5,600.0,71286.5,36330.0,71335.5,59370.0,71285.5,12000.0,71337.0,3040.0,71283.5,1950.0,71339.5,12000.0,71282.0,101240.0,71343.0,10000.0,71279.0,7040.0,71343.5,12000.0,71278.0,50000.0,71345.0,15000.0,71277.5,10000.0,71346.5,93480.0,71277.0,660.0,71348.5,610.0,71276.5,35660.0
1711929717,71301.5,460.0,71301.0,155000.0,71312.0,1170.0,71300.5,12000.0,71312.5,12110.0,71299.5,5400.0,71313.0,12110.0,71297.0,31420.0,71313.5,12000.0,71296.0,15040.0,71316.5,12110.0,71295.5,55290.0,71317.0,12000.0,71295.0,5140.0,71318.0,20.0,71294.5,5170.0,71318.5,12000.0,71294.0,57340.0,71320.0,84280.0,71292.5,73370.0,71320.5,512000.0,71291.0,24220.0,71327.5,35680.0,71290.5,41000.0,71328.0,200.0,71290.0,12000.0,71329.0,24220.0,71289.5,12000.0,71329.5,9960.0,71289.0,660.0,71330.5,1950.0,71288.0,1190.0,71332.5,4750.0,71287.5,1520.0,71333.5,4480.0,71285.5,12000.0,71334.5,600.0,71283.5,1950.0,71335.5,59370.0,71282.0,66330.0,71337.0,3040.0,71280.0,10000.0,71339.5,12000.0,71279.5,35660.0,71343.5,12000.0,71279.0,57040.0,71345.0,15000.0,71278.0,2000.0,71345.5,10000.0,71277.0,660.0
1711929718,71301.5,430.0,71301.0,267360.0,71312.0,1170.0,71300.5,12000.0,71313.5,12000.0,71299.5,5400.0,71315.5,12110.0,71297.0,31420.0,71316.0,12110.0,71296.5,10000.0,71317.0,12000.0,71296.0,65040.0,71318.0,12130.0,71295.5,5290.0,71318.5,12000.0,71295.0,5140.0,71320.0,4280.0,71294.5,29380.0,71320.5,512000.0,71294.0,57340.0,71321.5,80000.0,71292.0,36330.0,71327.5,35680.0,71290.5,4680.0,71328.0,200.0,71290.0,12000.0,71329.5,9960.0,71289.5,12000.0,71330.5,1950.0,71289.0,660.0,71332.0,24220.0,71288.0,36830.0,71332.5,4750.0,71287.5,1520.0,71333.5,4480.0,71285.5,12000.0,71334.5,600.0,71283.5,1950.0,71335.5,59370.0,71282.5,35660.0,71337.0,3040.0,71282.0,30690.0,71339.5,12000.0,71281.5,50000.0,71343.5,12000.0,71279.0,7040.0,71345.0,15000.0,71278.0,2000.0,71346.0,10000.0,71277.0,660.0
1711929719,71301.5,499230.0,71301.0,267360.0,71312.0,1170.0,71300.5,13220.0,71313.5,12000.0,71299.5,5400.0,71317.0,12000.0,71297.0,31420.0,71318.0,20.0,71296.5,10000.0,71318.5,12000.0,71296.0,15040.0,71319.0,12110.0,71295.5,5290.0,71319.5,12110.0,71295.0,5140.0,71320.0,4280.0,71294.5,5170.0,71320.5,12000.0,71294.0,57340.0,71321.0,12110.0,71291.5,24210.0,71321.5,80000.0,71291.0,36330.0,71327.5,35680.0,71290.5,4680.0,71328.0,200.0,71290.0,12000.0,71329.5,9960.0,71289.5,12000.0,71330.0,24220.0,71289.0,660.0,71330.5,1950.0,71288.0,36830.0,71332.5,4750.0,71287.5,1520.0,71333.5,4480.0,71285.5,12000.0,71334.5,600.0,71283.5,1950.0,71335.5,59370.0,71282.5,35660.0,71337.0,3040.0,71282.0,53260.0,71339.5,12000.0,71279.0,7040.0,71343.5,12000.0,71277.5,2000.0,71345.0,15000.0,71277.0,660.0
1711929720,71301.5,531600.0,71301.0,395920.0,71312.0,1170.0,71300.5,13220.0,71313.5,12000.0,71299.5,5400.0,71317.0,12000.0,71297.5,50000.0,71318.0,20.0,71297.0,31420.0,71318.5,12000.0,71296.5,10000.0,71319.0,12110.0,71296.0,15040.0,71319.5,12110.0,71295.5,5290.0,71320.0,4280.0,71295.0,5140.0,71320.5,12000.0,71294.5,5170.0,71321.0,12110.0,71294.0,57340.0,71321.5,80000.0,71291.5,24210.0,71327.5,35680.0,71291.0,36330.0,71328.0,200.0,71290.5,4680.0,71329.5,9960.0,71290.0,12000.0,71330.5,1950.0,71289.5,12000.0,71332.0,24220.0,71289.0,660.0,71332.5,4750.0,71288.0,36830.0,71333.5,4480.0,71287.5,1520.0,71334.5,600.0,71285.5,12000.0,71335.5,59370.0,71283.5,1950.0,71337.0,3040.0,71282.5,35660.0,71339.5,12000.0,71282.0,3260.0,71343.5,12000.0,71281.5,50000.0,71345.0,15000.0,71280.5,2000.0
1711929721,71301.5,290780.0,71301.0,337380.0,71313.5,12000.0,71300.5,13220.0,71317.0,12000.0,71297.5,24210.0,71318.0,20.0,71296.5,36330.0,71318.5,12000.0,71296.0,15040.0,71320.5,12000.0,71295.5,5290.0,71327.5,36330.0,71295.0,5140.0,71328.0,200.0,71294.5,5170.0,71332.0,35680.0,71294.0,57340.0,71332.5,81500.0,71293.5,3280.0,71336.0,9960.0,71290.5,4680.0,71336.5,24220.0,71290.0,12000.0,71337.0,3040.0,71289.5,12000.0,71339.5,12000.0,71289.0,660.0,71343.5,15280.0,71288.0,36830.0,71344.5,15000.0,71287.5,25400.0,71346.5,22740.0,71286.0,55660.0,71348.5,610.0,71285.5,14250.0,71351.5,100.0,71283.0,50000.0,71352.0,10.0,71282.0,10000.0,71352.5,10000.0,71281.5,29430.0,71354.0,35670.0,71279.0,7040.0,71354.5,100.0,71278.5,6570.0,71355.0,56000.0,71277.0,37940.0,71356.0,6510.0,71276.5,19160.0
1711929722,71301.5,272490.0,71301.0,96280.0,71308.5,430.0,71300.5,13220.0,71312.5,12110.0,71296.0,9960.0,71313.0,6070.0,71294.0,57340.0,71313.5,12000.0,71290.5,4680.0,71314.0,24220.0,71290.0,12000.0,71314.5,1170.0,71289.5,12000.0,71317.0,12000.0,71289.0,50660.0,71318.0,20.0,71288.5,24210.0,71318.5,12000.0,71288.0,36830.0,71320.0,35680.0,71287.5,25400.0,71320.5,12000.0,71286.0,36330.0,71321.5,80000.0,71285.5,12000.0,71324.0,1970.0,71283.0,240.0,71325.0,9960.0,71281.5,29400.0,71326.0,15000.0,71280.0,2000.0,71328.0,24420.0,71279.0,7040.0,71330.5,600.0,71278.5,6570.0,71331.5,3280.0,71277.0,660.0,71332.5,1500.0,71275.0,35660.0,71337.0,3340.0,71274.5,63470.0,71339.5,12000.0,71273.5,5790.0,71343.5,12000.0,71267.0,35630.0,71345.0,10000.0,71264.5,15000.0,71346.5,22140.0,71262.0,100.0
1711929723,71301.5,271720.0,71301.0,96250.0,71306.5,12110.0,71300.5,22000.0,71307.0,1190.0,71299.0,10000.0,71308.0,430.0,71298.5,11170.0,71312.0,12110.0,71298.0,10000.0,71312.5,12110.0,71296.0,9960.0,71313.0,6070.0,71295.5,10000.0,71313.5,12000.0,71294.0,67340.0,71314.5,1170.0,71293.5,10000.0,71317.0,12000.0,71292.5,50000.0,71318.0,35700.0,71290.5,4680.0,71318.5,12000.0,71290.0,12000.0,71320.5,12000.0,71289.5,12000.0,71321.0,24220.0,71289.0,660.0,71321.5,83000.0,71288.0,36830.0,71322.0,3550.0,71287.5,23880.0,71325.5,600.0,71286.5,71290.0,71326.0,15000.0,71285.5,12000.0,71328.0,200.0,71283.0,240.0,71331.5,3280.0,71282.5,48430.0,71332.5,1500.0,71281.5,79400.0,71334.5,4600.0,71280.5,12110.0,71337.0,3310.0,71280.0,2000.0,71339.5,12000.0,71279.0,7040.0,71343.0,10000.0,71277.0,660.0
1711929724,71301.5,316070.0,71301.0,50090.0,71305.0,12110.0,71294.0,57340.0,71305.5,12110.0,71293.0,15000.0,71306.0,3190.0,71291.0,9960.0,71308.0,2690.0,71290.5,5280.0,71310.0,35680.0,71290.0,12000.0,71310.5,80000.0,71289.5,12000.0,71312.0,24220.0,71289.0,660.0,71313.0,6070.0,71288.0,1190.0,71313.5,12000.0,71285.5,12000.0,71314.5,11130.0,71282.0,35640.0,71315.0,1910.0,71280.0,2000.0,71317.0,12000.0,71278.0,36320.0,71317.5,600.0,71277.5,24220.0,71318.0,20.0,71277.0,660.0,71318.5,27000.0,71274.5,62450.0,71320.5,12000.0,71273.5,2510.0,71321.0,3180.0,71266.5,77430.0,71322.0,3550.0,71266.0,35660.0,71328.0,200.0,71265.5,1910.0,71330.0,240.0,71264.5,15000.0,71332.5,1500.0,71263.0,7040.0,71334.5,4600.0,71262.5,100.0,71337.0,3530.0,71262.0,3180.0,71337.5,10000.0,71259.0,35620.0
1711929725,71301.5,333040.0,71301.0,50090.0,71307.0,12110.0,71294.0,57340.0,71307.5,35680.0,71293.0,15000.0,71308.0,430.0,71291.0,9960.0,71308.5,80000.0,71290.5,5280.0,71313.0,30290.0,71290.0,12000.0,71313.5,12000.0,71289.5,12000.0,71314.5,11130.0,71289.0,660.0,71315.0,1910.0,71288.0,1190.0,71317.0,12000.0,71285.5,12000.0,71317.5,600.0,71282.0,35640.0,71318.0,20.0,71278.0,26210.0,71318.5,27000.0,71277.0,660.0,71320.5,12000.0,71275.5,24220.0,71321.0,3180.0,71275.0,12110.0,71322.0,3550.0,71274.5,62450.0,71328.0,200.0,71273.5,102640.0,71330.0,240.0,71266.5,77430.0,71332.5,1500.0,71266.0,45660.0,71334.5,4600.0,71265.5,1910.0,71336.5,10000.0,71264.5,15000.0,71337.0,3530.0,71263.0,7040.0,71339.5,12000.0,71262.5,100.0,71341.5,35670.0,71262.0,3180.0,71343.5,12000.0,71259.0,35620.0
